1965 3015
783 138 998 175 -3-

277 236 514 275 Praenomen
543 249 760 286 nomenque
790 238 847 275 ita
877 238 1038 286 explico,
1080 240 1127 274 ut
1157 237 1311 273 credam
1341 239 1496 285 gentem
1520 235 1603 272 eius

179 295 337 331 nomina
358 308 438 332 non
460 296 649 343 accepisse
671 297 722 332 ab
744 296 811 339 eis,
836 296 902 342 qui
919 296 1047 343 *legem
1070 295 1175 331 illam
1201 295 1363 331 Gelliam
1386 293 1602 332 Corneliam

179 351 364 397 tulerunt,
395 353 613 390 consulibus
644 355 728 401 (pro
769 353 893 390 Balbo
921 352 1034 397 VIII,
1069 355 1138 399 19),
1175 364 1274 400 quae
1303 356 1363 389 est
1392 351 1601 400 Landgrafi

179 411 372 455 sententia
392 412 571 458 (Bursian
590 423 680 448 ann.
702 414 761 455 34,
785 414 890 455 1883,
910 423 949 459 p.
967 414 1025 457 66)
1039 411 1258 458 partimque
1272 410 1432 447 Abrami
1447 421 1601 457 quoque

181 468 315 513 (praef.
340 468 479 515 Balb.).
542 468 667 512 Quam
700 469 891 505 rationem
928 469 1043 504 nimis
1081 467 1330 504 artificiosam
1369 479 1450 503 esse
1488 470 1599 515 puto.

180 524 314 573 Neque
329 526 432 563 enim
446 526 525 563 ullo
540 526 812 563 confirmatum
826 526 1014 564 habemus
1029 526 1251 563 testimonio
1266 525 1388 562 ullum
1403 526 1599 562 hominem

180 582 337 619 alterius
355 584 427 619 sibi
446 585 650 631 sumpsisse
666 596 911 632 praenomen,
926 583 1084 620 alterius
1095 584 1279 629 nomenl).
1316 584 1453 630 Neque
1465 586 1599 619 tamen

180 639 232 676 ad
258 640 460 676 arbitrium
492 640 613 677 electa
648 642 806 678 nomina
842 642 974 685 habet,
1014 652 1113 688 quae
1138 644 1198 677 est
1223 640 1441 677 Drumanni
1468 640 1599 687 opinio

182 697 426 743 (Geschichte
447 698 568 734 Roms
589 699 659 742 112,
684 701 780 746 512),
804 711 922 746 quam
942 699 1099 736 minime
1119 698 1283 746 probare
1303 710 1473 745 possum.
1517 697 1599 734 Nec

180 766 269 790 cum
291 754 412 791 Paulo
434 755 609 792 Manutio
630 756 783 800 faciam,
816 756 882 803 qui
904 757 998 792 haec
1021 755 1198 792 exhibuit
1222 756 1326 803 (Arg.
1350 755 1427 792 Cic.
1451 755 1597 800 Balb.):

181 811 251 854 ,„L.
273 809 467 849 Cornelius
487 812 632 849 Balbus
653 813 880 861 appellatur,
899 813 1002 860 quia,
1023 813 1113 849 licet
1130 825 1154 848 a
1170 813 1354 860 Pompeio
1371 813 1422 848 sit
1439 812 1599 848 civitate

179 868 360 913 donatus,
388 869 617 907 beneficium
644 874 776 907 tamen
803 870 899 907 illud
925 871 969 906 L.
999 869 1147 907 Corneli
1175 870 1330 906 Lentuli
1356 870 1483 917 gratia
1510 881 1599 905 con-

180 929 334 963 secutus
361 930 437 963 est:
467 939 491 963 a
519 939 595 975 quo
630 931 670 964 et
694 939 927 976 praenomen
955 930 996 964 et
1021 938 1164 965 nomen
1189 927 1238 963 de
1261 938 1367 963 more
1392 926 1598 975 sumpsit“.

180 983 323 1021 Contra
346 984 551 1023 dicendum
574 989 634 1022 est
659 986 736 1022 iam
756 989 909 1033 patrem
927 985 1041 1022 Balbi
1060 985 1222 1022 Lucium
1242 985 1480 1033 appellatum
1499 996 1599 1028 esse3

180 1054 258 1089 qua
283 1042 332 1079 de
358 1055 474 1080 causa
501 1043 695 1081 Hocheius
725 1045 777 1091 (p.
806 1046 827 1079 5
856 1045 969 1089 extr.)
994 1055 1076 1079 rem
1101 1043 1247 1090 optime
1270 1042 1481 1090 explicasse
1505 1042 1600 1078 mihi

180 1099 345 1144 videtur,
372 1101 437 1147 qui
461 1104 579 1148 putat
608 1101 776 1137 Balbum
799 1112 940 1137 nomen
965 1100 1171 1147 sumpsisse
1195 1100 1245 1136 ab
1270 1099 1335 1135 illo
1359 1100 1402 1136 L.
1427 1098 1601 1136 Cornelio

178 1157 355 1200 Lentulo,
392 1157 458 1203 qui
493 1169 595 1193 anno
629 1169 665 1192 a.
701 1156 789 1193 Chr.
823 1169 863 1192 n.
909 1160 995 1209 199*
1017 1157 1229 1203 hospitium
1268 1168 1357 1192 cum
1398 1156 1601 1193 Gaditanis

178 1213 322 1250 fecerat
353 1214 414 1260 (B.
434 1213 587 1257 XVIII,
609 1216 688 1260 41);
718 1214 895 1261 sumpsit,
925 1217 971 1250 ut
1001 1225 1091 1250 eum
1120 1217 1232 1261 grata
1257 1213 1442 1251 memoria
1471 1225 1599 1260 prose-

180 1273 373 1317 queretur.

274 1327 459 1371 Quamvis
484 1328 525 1365 in
550 1327 623 1364 illis
647 1327 857 1374 nummis2),
886 1339 981 1375 quos
1001 1327 1113 1364 Balbi
1139 1327 1263 1365 multo
1288 1331 1378 1375 post
1403 1327 1598 1364 cudendos

178 1386 363 1428 fecerunt,
385 1385 618 1421 vocabulum
638 1385 751 1421 Balbi
772 1385 853 1421 sine
873 1385 951 1421 11110
972 1385 1240 1422 additamento
1259 1385 1442 1432 legamm,
1464 1388 1597 1421 tamen

178 1454 199 1477 e
232 1440 421 1478 Ciceronis
452 1440 654 1489 epistulis&
698 1445 860 1489 apparet
894 1453 984 1479 eum
1015 1445 1214 1490 praeterea
1245 1442 1484 1490 appellatum
1516 1453 1597 1477 esse

180 1499 428 1542 „maiorem“,
448 1503 494 1535 ut
514 1499 812 1546 distingueretur
831 1512 855 1535 a
874 1499 1004 1536 fratris
1023 1500 1117 1543 filio,
1139 1500 1205 1546 qui
1228 1500 1403 1543 „minor“
1422 1500 1596 1536 nomina-

178 1557 307 1600 batur,
346 1568 463 1603 quam
499 1568 580 1592 rem
616 1557 735 1592 etiam
771 1557 831 1592 bis
864 1557 969 1604 apud
999 1556 1196 1603 Plinium4)
1221 1557 1409 1593 habemus
1433 1568 1597 1593 comme—

180 1616 384 1649 moratam.

278 1670 450 1707 Gadibus
473 1682 562 1706 eum
585 1670 854 1707 honestissimo
877 1670 961 1707 loco
985 1674 1124 1707 natum
1147 1682 1228 1707 esse
1253 1682 1366 1718 saepe
1389 1670 1598 1719 legimus⁵);

177 1727 370 1764 nonnullis
394 1727 625 1764 testimoniis
649 1740 738 1764 eum
763 1728 804 1764 in
829 1728 1019 1775 Hispania
1043 1732 1173 1765 ortum
1197 1740 1279 1764 esse
1304 1727 1598 1774 confirmatur‘).

289 1860 312 1896 ι)
337 1859 463 1890 Jullien
484 1869 518 1899 p.
541 1861 579 1890 13
602 1863 687 1890 extr.

286 1906 311 1944 ¹)
334 1906 486 1938 Babelon
500 1907 530 1943 Ῑ,
546 1908 620 1943 429,
635 1908 683 1943 11,
698 1908 749 1938 43.
778 1907 907 1938 Eckhel
921 1908 961 1943 V,
982 1909 1051 1938 188.
1087 1908 1201 1938 Ceben
1215 1908 1260 1943 1²,
1280 1909 1350 1938 121.
1382 1908 1430 1939 Cf.
1447 1908 1597 1939 Willems

179 1955 225 1985 Le
247 1955 345 1985 senat
366 1955 409 1986 de
431 1955 464 1985 la
485 1956 614 1994 republ.
636 1957 735 1986 Rom.
757 1956 786 1990 I,
811 1957 873 1986 609
895 1956 973 1986 adn.

284 2001 309 2039 ⁸)
332 2002 378 2032 ad
401 2003 474 2032 Att.
499 2003 598 2037 VIII,
625 2005 655 2037 9,
681 2004 716 2033 4:
753 2003 881 2033 Balbus
906 2002 1043 2042 quidem
1065 2002 1173 2033 maior
1195 2003 1240 2033 ad
1264 2012 1319 2033 me
1343 2003 1438 2033 venit
1463 2004 1593 2043 (supraz

178 2049 306 2079 Balbus
327 2049 438 2079 minor
458 2050 504 2081 ad
525 2059 579 2080 me
601 2050 718 2088 venit).

284 2096 309 2134 ε)
330 2107 364 2126 n.
385 2097 419 2126 h.
441 2097 482 2132 V,
505 2098 561 2128 36:
583 2097 747 2133 (Cornelio
768 2097 876 2128 Balbo
896 2097 1028 2135 minori)
1049 2098 1171 2128 civitas
1191 2099 1348 2129 Romana
1369 2108 1447 2129 cum
1467 2099 1593 2129 maiore

178 2144 287 2175 Balbo
306 2147 430 2183 patruo
449 2145 532 2175 data
552 2148 618 2180 est;
650 2145 729 2180 VII,
754 2146 828 2175 136:
849 2145 930 2176 Fuit
949 2149 984 2176 et
1003 2146 1131 2176 Balbus
1151 2146 1321 2177 Cornelius
1339 2147 1447 2177 maior
1466 2148 1593 2178 consul.

285 2191 310 2229 ⁸)
326 2202 387 2232 pro
403 2193 443 2222 B.
460 2193 474 2231 5
491 2195 525 2224 5:
542 2203 649 2223 unum
664 2193 695 2223 ei
709 2193 854 2224 obicitur
867 2196 990 2224 natum
1004 2203 1076 2224 esse
1094 2194 1245 2225 Gadibus
1260 2195 1352 2234 quod
1364 2198 1467 2235 negat
1482 2205 1593 2226 nemo.

177 2242 192 2278 ς
211 2241 245 2271 6:
277 2240 378 2271 Hune
396 2241 487 2271 enim
505 2241 540 2271 in
558 2250 598 2271 ea
616 2241 766 2276 civitate,
786 2241 819 2271 in
840 2251 907 2281 qua
925 2246 977 2272 est
994 2245 1107 2277 natus,
1126 2243 1362 2273 honestissimo
1380 2243 1453 2273 loco
1471 2247 1594 2274 natum

177 2297 249 2318 esse
271 2288 434 2319 concedis.

284 2336 350 2367 Dio
370 2336 459 2367 Cass.
478 2336 642 2372 XLVIII,
663 2337 714 2372 32,
734 2337 768 2368 2:
789 2360 797 2367 .
811 2360 819 2367 .
832 2360 840 2368 .
859 2336 976 2373 Λούκιος
995 2337 1155 2381 Κορνήλιος
1174 2338 1299 2379 Βάὶβος,
1324 2338 1475 2381 Γαδιφεύς
1493 2349 1525 2370 τι
1545 2339 1595 2374 ὢν,

286 2384 310 2422 ⁸)
322 2385 400 2415 Tac.
413 2394 493 2415 ann.
507 2385 571 2420 XI,
585 2386 640 2415 24:
655 2395 739 2416 num
750 2385 903 2425 paenitet
914 2386 1040 2416 Balbos
1051 2396 1094 2416 ex
1105 2387 1270 2426 Hispania
1289 2410 1296 2416 .
1311 2410 1317 2417 .
1332 2410 1339 2417 .
1353 2410 1360 2417 .
1379 2387 1592 2424 transivisse;

177 2432 223 2463 ad
236 2432 309 2463 Att.
324 2432 404 2467 VH,
420 2433 449 2467 3,
474 2434 526 2463 ll:
550 2456 557 2463 .
571 2455 578 2463 .
592 2455 599 2463 .
614 2456 621 2463 .
641 2433 849 2464 Tartessium
867 2433 981 2464 istum.
1003 2457 1095 2464 .....
1122 2435 1173 2465 De
1191 2435 1295 2465 verbo
1315 2435 1504 2466 Tartessius
1522 2435 1594 2475 agit

182 2480 323 2521 Gasquy
359 2490 392 2521 p.
413 2481 451 2511 21
466 2491 552 2521 sqq„
591 2481 650 2521 qui
686 2482 843 2513 omnibus
879 2482 1054 2513 sententiis
1091 2483 1301 2523 perlustratis
1337 2483 1421 2515 dicit
1458 2485 1504 2524 (p.
1525 2485 1593 2521 23):
