1965 3015
777 120 1016 183 -57'-

692 302 933 381 Caput
969 305 1096 364 ΠΙ.

272 424 506 485 Nonnulla
533 435 593 481 de
621 437 721 480 arte
750 436 982 481 rhetorica
1011 438 1236 483 orationis
1266 438 1511 486 Balbianae

631 501 941 546 additamenta
969 503 1158 547 selecta.

283 602 369 640 Hoc
405 600 533 648 capite
568 599 832 636 disserendum
867 604 928 637 est
965 601 1015 637 de
1051 600 1202 637 dicendi
1235 604 1330 644 arte,
1369 613 1446 648 qua
1473 603 1601 639 Cicero

185 659 416 697 Balbianam
447 656 628 693 excoluit.
676 657 911 705 Adiungitur
941 658 1014 694 hoc
1047 661 1167 705 caput
1188 658 1235 701 ei,
1270 658 1375 704 quod
1396 660 1601 705 praecedit,

187 728 264 764 quo
287 716 416 763 capite
439 714 600 750 disserui
623 714 673 750 de
697 725 814 751 causa
836 714 962 758 Balbi,
988 715 1118 762 quoad
1140 715 1308 762 pertinet
1331 715 1383 751 ad
1402 716 1461 751 ius
1480 716 1602 758 civile,

185 774 243 810 ita
263 776 310 809 ut
333 771 545 808 Balbianae
570 771 810 808 illustrentur
833 775 875 808 et
898 783 957 808 res
982 776 1023 808 et
1046 772 1177 808 verba.

876 887 951 932 §1-

284 961 374 998 Sine
400 961 521 997 dubio
548 972 665 997 causa
692 961 882 997 Balbiana
909 961 1124 998 addicenda
1150 965 1210 997 est
1237 962 1365 1008 generi
1392 963 1602 1007 honesto¹);

182 1029 276 1054 nam
313 1029 363 1054 ex
400 1017 591 1055 Ciceronis
629 1019 821 1054 sententia
859 1018 1110 1066 aliorumque,
1150 1019 1217 1065 qui
1254 1030 1343 1055 eum
1380 1018 1604 1066 loquentem

183 1075 407 1118 audiebant,
450 1075 609 1119 Balbus,
653 1076 824 1112 Caesaris
856 1076 1092 1123 Pompeique
1125 1077 1389 1118 amicissimae,
1428 1080 1514 1112 erat
1545 1077 1602 1113 di-

182 1132 387 1180 gnissimus
407 1132 477 1178 (II,
500 1134 548 1179 5),
575 1133 641 1180 qui
665 1132 947 1176 defenderetur,
971 1136 1013 1169 et
1037 1136 1250 1175 accusator,
1276 1133 1337 1169 cui
1362 1133 1467 1169 omni
1487 1133 1602 1170 modo

182 1193 482 1237 oppugnaretur.

279 1246 580 1294 Dispositionem
619 1239 820 1284 ostendere
861 1248 1014 1284 studuit
1055 1247 1235 1284 Hooheus
1274 1259 1313 1294 p.
1347 1250 1500 1283 10—16.
1560 1249 1600 1283 Is

182 1307 370 1350 quattuor
391 1308 522 1351 partes
546 1305 699 1347 statuit,
734 1304 900 1347 easdem,
938 1315 1037 1351 quae
1060 1308 1409 1341 commemorantur
1432 1306 1472 1341 in
1495 1309 1597 1352 part.

182 1372 236 1396 or.
266 1361 299 1403 Ι,
330 1364 353 1395 4
379 1364 420 1396 et
448 1365 530 1408 top.
561 1364 619 1403 26,
651 1364 697 1396 97
711 1372 795 1407 sqq,
824 1361 984 1397 scilicet:
1026 1362 1268 1407 principium,
1296 1363 1479 1404 narratio,
1509 1373 1597 1397 con-

180 1417 364 1459 firmatio,
385 1418 590 1464 peroratio.
634 1417 692 1453 cf.
714 1417 763 1453 de
784 1418 863 1454 inv.
886 1417 919 1460 Ι,
946 1420 1002 1460 14,
1029 1420 1090 1460 19;
1126 1418 1175 1453 de
1196 1429 1250 1453 or.
1275 1417 1307 1460 Ι,
1332 1420 1390 1460 31,
1418 1421 1504 1461 143;
1541 1418 1595 1460 ΙΙ,

183 1476 241 1517 76,
269 1476 352 1510 307.
390 1474 505 1511 Auct.
531 1474 564 1518 I,
592 1477 626 1517 3,
653 1477 687 1510 4.

277 1531 400 1567 Recte
427 1532 620 1578 discripsit
647 1532 848 1567 exordium
879 1531 1019 1576 (1-11,
1050 1534 1098 1576 4),
1128 1543 1207 1568 non
1236 1531 1350 1578 plane
1378 1536 1481 1567 recte
1509 1544 1596 1568 nar-

180 1588 383 1632 rationem,
417 1589 479 1624 cui
510 1588 687 1636 adiungit
717 1589 1019 1636 propositionem
1053 1588 1123 1634 (H,
1158 1592 1180 1624 5
1210 1609 1262 1615 —-
1293 1588 1370 1631 III,
1406 1591 1459 1634 7);
1504 1601 1597 1626 nam

179 1644 408 1682 divisionem
426 1646 556 1682 Cicero
578 1646 695 1682 affert
716 1646 874 1682 demum
896 1646 938 1682 in
958 1647 977 1692 5
999 1648 1056 1688 17,
1079 1646 1381 1693 propositionem
1399 1646 1512 1689 VIII,
1542 1649 1597 1682 19.

180 1702 264 1749 Ego
291 1714 444 1749 quoque
469 1702 703 1750 complectar
727 1703 989 1739 narrationem
1014 1706 1055 1738 et
1080 1703 1394 1750 propositionem,
1422 1703 1490 1739 sed
1515 1715 1598 1751 per-

178 1759 369 1797 tinentem
398 1771 485 1797 eam
514 1763 666 1807 partem
696 1760 838 1796 faciam
866 1771 989 1808 usque
1019 1759 1071 1796 ad
1094 1759 1208 1804 VIII,
1243 1763 1300 1804 19,
1330 1764 1418 1797 tum
1441 1761 1599 1798 demum

179 1817 370 1864 incipiunt
392 1821 620 1865 argumenta
642 1829 713 1864 pro
735 1829 801 1853 reo
823 1821 865 1853 et
888 1820 1024 1854 contra
1046 1821 1321 1861 accusatorem,
1347 1829 1446 1864 quae
1469 1817 1599 1855 Cicero

180 1874 305 1910 mixta
328 1875 501 1921 praebet.
549 1875 753 1910 Praeterea
774 1878 872 1921 puto
892 1875 1050 1911 Hocheo
1067 1874 1273 1910 dicendum
1291 1874 1408 1910 fuisse
1424 1876 1459 1920 §§
1478 1878 1598 1910 9—16

179 1943 302 1979 paene
326 1943 398 1979 pro
423 1932 654 1979 digressione
680 1932 878 1968 habendas
901 1943 1001 1975 esse;
1030 1943 1123 1968 nam
1148 1932 1222 1968 etsi
1247 1932 1287 1968 in
1312 1932 1347 1978 ἐξ
1376 1934 1432 1974 10,
1464 1935 1521 1975 11,
1553 1935 1598 1968 14

180 2000 338 2026 causam
375 1988 489 2025 Balbi
528 1989 733 2036 significat,
771 1992 904 2024 tamen
941 1988 1166 2035 plerumque
1204 1989 1276 2024 hoc
1314 1988 1398 2024 loco
1437 1989 1597 2036 Pompei

179 2045 378 2093 praedicat
401 2046 580 2089 virtutes,
605 2046 645 2082 id
670 2045 775 2092 quod
798 2046 925 2082 minus
949 2045 1000 2081 ad
1023 2045 1148 2092 ipsam
1171 2056 1327 2081 causam
1352 2049 1516 2092 spectat.

276 2102 389 2145 Quod
426 2114 518 2138 vero
557 2102 738 2138 Hooheus
780 2103 1061 2149 perorationem
1098 2103 1177 2137 iam
1215 2102 1461 2148 incipientem
1499 2103 1596 2138 facit

179 2159 269 2197 inde
284 2171 308 2195 a
321 2160 339 2206 ξ
354 2161 413 2202 56,
429 2159 570 2195 iterum
584 2162 705 2203 errat3
732 2171 826 2196 nam
839 2159 1016 2195 videmus
1029 2162 1256 2206 argumenta
1269 2159 1459 2205 pertinere
1472 2170 1595 2206 usque

179 2217 231 2253 ad
246 2218 264 2262 ξ
282 2219 329 2252 58
345 2216 409 2252 vel
427 2219 485 2252 59.
521 2216 617 2252 Inde
635 2228 659 2251 a
674 2217 692 2261 §
710 2219 759 2252 60
774 2217 910 2263 incipit
925 2216 1129 2263 peroratio.
1164 2216 1247 2262 Ego
1263 2216 1362 2250 hanc
1379 2227 1594 2262 proponam

178 2273 470 2321 dispositionem
480 2285 487 2309 :

287 2373 312 2410 ²)
332 2373 432 2403 Auct.
453 2372 497 2402 ad
518 2372 599 2403 Her.
620 2373 650 2408 Ι,
673 2374 703 2408 3,
724 2375 760 2404 5:
802 2373 996 2404 Honestum
1023 2381 1144 2404 causae
1177 2389 1208 2394 —
1243 2372 1431 2411 oppugnari
1458 2372 1590 2403 debere.

177 2420 230 2450 De
246 2420 316 2451 inv.
335 2420 365 2455 1,
387 2421 437 2455 15,
458 2420 513 2451 20:
544 2419 737 2451 Honestum
763 2430 885 2451 causae
915 2437 948 2443 —-
980 2420 1143 2452 auditoris
1169 2418 1313 2450 animus.
1357 2419 1474 2456 Quint.
1494 2420 1523 2450 I.
1546 2421 1585 2451 O.

179 2467 239 2502 lv,
265 2469 294 2502 1,
317 2468 369 2497 40.
413 2466 529 2496 Thiele
553 2469 624 2498 114.

1383 2542 1402 2571 5
