1965 3015
747 130 979 168 -35-

298 228 669 268 Drumann-Groebe
694 231 765 275 11²,
792 233 876 267 523.

297 287 478 325 Muenzer
501 289 551 325 R..
567 289 615 325 Ε.
640 288 708 331 IV,
738 287 958 324 laem—⁵⁴.

297 344 511 383 Mommsen
535 345 584 382 R.
606 345 652 383 G.
678 345 772 390 111⁹,
798 348 882 382 490.

297 403 455 440 Eussner
478 403 525 440 B.
542 403 614 440 Ph.
631 403 692 440 W.
721 405 826 446 1888,
856 405 961 439 1599.

297 459 512 503 Hellmuth‚
536 460 668 507 Progr.
693 472 733 507 p.
755 462 799 496 31
825 463 924 496 extr.

297 516 435 554 Iullien
458 529 499 564 p.
523 519 604 560 156,
629 517 679 553 cf.
709 520 790 553 134.

297 572 445 622 Tyn-cll
467 574 546 610 and
570 574 709 609 Purser
732 571 801 616 IV,
826 585 866 620 p.
888 575 947 608 69.

248 630 320 668 Vel
342 629 510 667 maxime
533 630 575 667 in
598 641 688 667 eum
711 629 807 666 illud
834 628 1005 667 Schilleri
1027 629 1155 666 valere
1178 633 1294 677 puto:

346 686 459 731 „Von
482 687 551 723 der
574 687 753 723 Parteien
778 685 868 723 Hass
892 686 974 723 und
1001 686 1128 723 Gunst
1151 688 1325 723 verwirrt

348 743 557 781 Schwankt
580 744 661 780 sein
685 742 978 781 Charakterbild
1001 744 1042 780 in
1065 744 1134 779 der
1160 744 1427 781 Geschichte.“

554 880 875 926 Additamenta
903 882 1157 940 exegetica.

600 1039 690 1075 pro
722 973 890 1065 Balblo
917 1028 1032 1073 XIX,
1065 1032 1125 1066 43.

255 1131 263 1141 .
279 1132 287 1140 .
304 1132 312 1141 .
329 1132 337 1141 .
369 1104 627 1140 inveteratam
677 1103 875 1151 quondam
923 1103 1144 1141 barbariam
1193 1115 1242 1140 ex
1289 1103 1571 1140 Gaditanorum

149 1161 320 1198 moribus
344 1161 623 1209 disciplinaque
645 1161 783 1197 delerit
814 1189 823 1198 .
839 1189 848 1198 .
863 1190 872 1198 .
888 1189 897 1198 .
908 1189 917 1198 .

244 1218 514 1262 Quaerendum
556 1222 617 1254 est
660 1218 854 1265 quomodo
896 1218 958 1255 hic
1000 1219 1107 1255 locus
1149 1219 1201 1254 sit
1243 1218 1568 1265 interpretandus,

149 1275 282 1312 Liceat
311 1278 444 1313 autem
473 1275 568 1311 mihi
597 1275 846 1323 praemittere
874 1276 915 1312 in
945 1276 1124 1312 omnibus
1153 1275 1349 1311 codicibus
1378 1275 1568 1311 traditum

148 1343 230 1369 esse
255 1332 518 1380 „quondam“,
545 1344 662 1379 quam
686 1332 902 1376 lectionem,
929 1332 1021 1379 quia
1044 1333 1191 1369 bonum
1214 1333 1376 1380 praebet
1399 1344 1567 1375 sensum,

147 1390 310 1426 retinere
352 1389 469 1426 velim
511 1392 647 1425 contra
689 1389 934 1432 Lambinum,
992 1390 1059 1436 qui
1101 1389 1264 1426 coniecit
1304 1389 1567 1436 „quondam“,

149 1457 267 1493 quam
297 1446 557 1483 coniecturam
587 1446 732 1493 recepit
762 1445 1018 1483 Petersonius.
1083 1446 1239 1494 Optime
1270 1445 1449 1483 Klotzius
1480 1458 1568 1482 mea

149 1503 304 1550 quidem
319 1504 511 1539 sententia
525 1506 675 1539 monet:
707 1503 798 1549 (III,
818 1505 943 1549 1062):
974 1503 1141 1546 „Belialt
1154 1515 1247 1539 man
1262 1504 1355 1539 aber
1370 1503 1567 1550 quondam

147 1560 222 1604 bei,
237 1572 281 1597 so
294 1560 444 1597 schiebt
457 1572 549 1597 man
562 1560 625 1597 die
642 1559 786 1598 Schuld
799 1560 906 1607 iener
918 1560 1099 1597 barbaria
1112 1561 1222 1597 mehr
1235 1560 1303 1597 auf
1316 1560 1401 1597 eine
1415 1560 1568 1597 iriihere

147 1618 231 1653 Zeit
254 1617 438 1653 zuriick“.
486 1617 560 1653 Illa
582 1618 712 1664 igitur,
738 1629 857 1663 quam
880 1617 1082 1654 Gaesarem
1104 1617 1290 1653 delevisse
1313 1617 1410 1653 dicit
1425 1617 1568 1660 Cicero,

146 1685 206 1711 res
236 1674 427 1722 quaedam
457 1677 554 1719 erat,
583 1677 631 1711 ut
660 1674 718 1711 ita
741 1674 881 1719 dicam,
906 1673 1104 1712 altissimis
1126 1674 1321 1712 radicibus
1345 1674 1385 1711 in
1409 1674 1570 1711 civitate

149 1732 431 1770 Gaditanorum
463 1732 595 1769 defixa
624 1732 1068 1778 (Drumannus-Groebe
1099 1732 1146 1770 G.
1162 1733 1211 1769 A.
1241 1732 1312 1776 11²,
1344 1735 1432 1768 515:
1478 1733 1571 1776 „der

145 1789 218 1826 tief
235 1789 552 1837 eingewurzelten
572 1789 810 1836 Barbarei“).
855 1789 1111 1834 „Quondam“
1131 1789 1249 1838 igitur
1268 1793 1346 1826 est:
1381 1790 1460 1826 iam
1480 1790 1570 1826 inde

146 1847 197 1884 ab
221 1847 500 1894 antiquissimis
522 1847 775 1894 temporibus,
800 1847 879 1883 iam
902 1847 1064 1891 dudum,
1089 1847 1169 1884 iam
1192 1847 1354 1895 pridem.

246 1904 322 1941 Sed
354 1915 454 1951 quae
484 1907 544 1940 est
575 1903 641 1940 illa
671 1904 878 1940 barbaria?
942 1903 1032 1940 Non
1063 1907 1161 1951 puto
1192 1904 1412 1941 Ciceronem
1443 1904 1568 1939 dicere

144 1961 298 2009 linguae
311 1961 545 2005 barbariam,
560 1961 587 1997 i.
602 1972 636 1997 e.
653 1961 868 2007 Punicae¹);
896 1972 990 1997 nam
1005 1961 1219 2008 apparebat
1233 1960 1299 1996 illa
1313 1961 1355 1997 in
1372 1961 1569 2003 „moribus

144 2018 462 2065 disciplinaque“.
520 2018 656 2054 Eaden
677 2018 728 2054 de
746 2029 863 2054 causa
879 2017 1086 2054 refellenda
1103 2021 1164 2053 est
1182 2017 1310 2053 Reidii
1328 2018 1472 2064 opinio,
1501 2018 1568 2064 qui

145 2075 248 2112 hunc
267 2075 396 2111 locum
416 2075 474 2111 ita
494 2075 772 2122 interpretatur
793 2076 846 2122 (p.
869 2076 946 2120 83):
983 2073 1090 2117 „The
1110 2074 1231 2110 Punic
1251 2073 1418 2110 clement
1438 2075 1479 2110 in
1499 2075 1568 2110 the

145 2132 374 2180 population
407 2144 460 2169 no
494 2132 620 2169 doubt
655 2132 861 2180 oppressed
895 2132 964 2168 the
997 2131 1237 2174 non-Punic,
1281 2131 1360 2167 and
1395 2130 1568 2168 Caesar’s

144 2189 306 2226 reforms
334 2200 433 2237 gave
462 2189 514 2225 all
543 2189 682 2225 classes
711 2189 826 2236 equal
854 2189 958 2237 right
986 2189 1117 2225 before
1145 2189 1214 2224 the
1242 2187 1356 2224 law“.
1416 2187 1476 2224 Ne
1506 2189 1567 2224 ius

143 2247 303 2295 quidem
340 2247 559 2284 Poenorum
595 2246 660 2284 vel
700 2247 982 2284 Gaditanorum
1019 2246 1149 2284 Cicero
1187 2246 1227 2282 in
1265 2245 1395 2282 animo
1432 2246 1566 2283 habet.

144 2304 243 2348 Quia
258 2305 482 2341 testimonia
505 2304 785 2348 desiderantur,
813 2316 924 2352 aegre
948 2304 1118 2347 ferimus,
1147 2302 1252 2350 quod
1275 2303 1325 2339 de
1349 2303 1422 2339 hac
1446 2315 1488 2339 re
1511 2303 1568 2339 nil

145 2362 240 2398 certi
265 2361 457 2409 possimus
482 2361 620 2397 dicere.
673 2361 853 2398 Fortasse
880 2361 1119 2409 significatur
1144 2371 1169 2396 a
1194 2359 1374 2397 Cicerone
1400 2360 1568 2397 barbara

254 2466 279 2502 ι)
304 2465 358 2495 Sic
380 2465 583 2496 Huebnerus
605 2474 740 2504 quoque
762 2465 890 2496 iudicat
911 2466 954 2495 R.
977 2465 1017 2494 E.
1040 2464 1137 2499 vn1,
1160 2463 1336 2494 456⁸·-⁸¹.
