1965 3015
150 268 394 308 curaverant,
411 265 616 312 probabat,
638 266 782 313 quippe
801 266 868 312 qui
887 277 953 301 eos
970 265 1067 302 nihil
1086 265 1126 301 in
1146 265 1276 301 animo
1295 264 1436 300 habere
1456 263 1571 299 sciret

148 320 222 358 nisi
250 323 298 359 ut
325 319 496 359 Caesaris
523 325 760 371 potestatem
788 325 984 371 augerent.
1046 321 1206 360 Summa
1233 332 1366 358 eorum
1394 323 1570 369 potestas

150 379 321 416 omnium
336 383 428 417 ante
443 380 573 417 oeulos
586 380 810 428 effulgebat,
827 392 906 428 qua
919 392 960 417 re
974 380 1109 423 fiebat,
1125 383 1172 416 ut
1187 380 1407 426 quicunque
1421 377 1570 425 aliquid

148 439 233 473 erat
256 437 507 484 perfecturus,
534 439 616 474 sive
640 437 817 485 precibus
841 439 923 474 sive
948 437 1147 474 blanditiis
1172 437 1297 473 adiret
1321 447 1399 479 eos,
1427 435 1569 482 quibus

148 492 298 539 Caesar,
331 506 583 543 quaeeunque
613 495 708 532 alios
739 495 853 532 celari
883 494 1054 538 volebat,
1086 506 1156 542 per
1185 493 1370 542 epistulas
1402 496 1569 529 secretas

148 552 361 599 significare
396 553 491 599 quid
523 552 640 589 vellet
669 553 753 588 fieri
776 553 937 589 solebat.
986 552 1072 588 Hoc
1094 552 1285 588 traditum
1308 554 1368 587 est
1386 563 1410 586 a
1432 550 1567 587 Gellio.

150 607 214 653 (N.
239 608 287 645 A.
313 609 445 652 XVII,
473 611 508 652 9,
539 611 590 655 1);
629 609 735 645 Libri
771 612 863 646 sunt
898 609 1151 657 epistularum
1176 609 1218 646 C.
1244 608 1416 645 Caesaris
1446 606 1498 643 ad
1523 606 1565 643 G.

147 664 188 702 O.
205 666 374 714 Oppium
388 669 430 702 et
443 666 610 703 Balbum
625 666 852 710 Cornelium,
875 667 941 713 qui
955 666 1070 703 rebus
1082 667 1165 703 eius
1178 666 1350 703 absentis
1363 664 1568 701 curabant.

147 722 196 759 In
227 723 288 758 his
319 722 493 769 epistulis
526 723 757 769 quibusdam
789 724 829 759 in
861 723 954 759 locis
997 724 1247 760 inveniuntur
1288 722 1442 758 litterae
1486 722 1567 756 sine

146 779 383 828 coagmentis
412 779 659 827 syllabarum,
692 792 789 827 quas
817 783 864 817 tu
894 783 1009 828 putes
1037 780 1185 827 positas
1215 779 1428 822 incondite;
1472 788 1567 814 nam

145 837 266 873 verba
294 848 344 873 ex
373 837 433 873 his
467 837 607 873 litteris
643 838 781 873 confici
818 837 926 877 nulla
962 841 1137 883 possunt.
1198 836 1309 872 Idem
1349 837 1514 872 refertur
1543 847 1568 869 a

145 892 275 929 Cassio
289 893 415 930 Dione
427 893 526 939 (XL,
539 896 573 936 9,
588 896 641 939 3):
661 889 779 934 εἰώθει
804 890 844 928 δὲ
867 890 932 929 καὶ
956 888 1087 938 ἄλλως,
1112 889 1213 928 ὁπότε
1238 907 1269 927 τι
1294 890 1336 927 δι’
1356 888 1566 938 ἀπορρήτων

146 947 212 986 τινὶ
250 948 449 996 ἐπέστελλε,
494 948 532 986 τὸ
574 949 742 997 τέταρτον
778 947 837 986 αἰεὶ
881 953 1061 995 στοιχςῖον
1106 947 1187 985 ἀντὶ
1231 949 1297 985 τοῦ
1335 946 1568 993 καβῆκοντος

145 1004 430 1053 οἷντεγγράφειν,
460 1003 552 1048 ὅπως
576 1001 626 1042 «lv
650 1002 830 1054 ἄγνωστα
855 1009 925 1047 τοῖς
947 1009 1085 1047 πολλοῖς
1108 1000 1131 1053 ᾖ
1156 1003 1200 1041 τὰ
1226 1003 1458 1052 γραφόμενα.

242 1073 299 1111 Ut
328 1074 429 1111 inter
457 1074 626 1111 Balbum
655 1077 775 1122 atque
805 1074 975 1122 Oppium
1004 1074 1282 1120 Caesaremque
1310 1077 1352 1110 et
1382 1085 1421 1109 se
1451 1074 1567 1110 inter-

144 1131 306 1168 nuntius
334 1134 519 1174 exstaret,
549 1131 727 1168 Atticum
757 1131 895 1169 orabat
925 1130 1098 1178 Gieerol),
1135 1132 1214 1179 qui,
1255 1134 1492 1179 quantopere
1522 1134 1569 1167 ut

145 1188 218 1224 sibi
241 1188 431 1231 faverent,
456 1191 623 1235 optaret,
649 1200 762 1236 saepe
785 1188 983 1235 dicebat²).
1031 1189 1179 1233 Quibus
1202 1189 1317 1225 rebus
1340 1192 1569 1225 consecutus

144 1248 217 1289 est,
250 1248 298 1282 ut
330 1245 469 1283 Caesar
501 1257 590 1283 eum
622 1246 796 1284 nondum
828 1258 1024 1284 reversum
1057 1247 1286 1290 obsecraret,
1320 1249 1367 1283 ut
1399 1246 1566 1283 Romam

144 1303 306 1346 veniret,
325 1307 372 1340 ut
389 1304 470 1339 eius
489 1304 678 1351 sapientia
697 1305 775 1340 suis
792 1304 991 1351 prodesset
1004 1303 1211 1349 consiliis&
1228 1315 1346 1351 quam
1359 1303 1565 1351 epistulam

146 1359 293 1397 Balbus
315 1360 509 1397 nonnullis
533 1361 661 1398 verbis
687 1362 796 1408 quasi
820 1361 1014 1407 adiuvit⁴).

243 1427 385 1470 Cicero,
424 1430 472 1463 ut
500 1439 599 1474 quae
626 1428 760 1464 futura
786 1428 955 1475 putabat
981 1431 1236 1475 exspectaret,
1276 1427 1450 1464 Melitam
1477 1439 1564 1475 pro-

144 1483 264 1520 ficisci
289 1483 459 1527 volebat,
498 1484 602 1531 quod
626 1496 676 1521 ne
701 1485 845 1521 faceret
869 1484 976 1521 nulla
1000 1496 1042 1521 re
1066 1488 1241 1521 retentus
1265 1488 1326 1521 est
1350 1485 1424 1521 nisi
1450 1484 1564 1520 Balbi

143 1541 293 1578 iteratis
307 1541 493 1589 epistulis,
510 1542 650 1588 quibus
665 1541 860 1585 orabatur,
877 1546 924 1578 ut
938 1543 1086 1578 Romae
1101 1551 1237 1589 pacem
1252 1542 1565 1578 constituendam

143 1601 307 1643 curaret,
334 1599 560 1647 praesertim
586 1610 675 1636 cum
702 1599 840 1637 Caesar
865 1600 972 1647 pacis
998 1602 1100 1636 esset
1125 1598 1456 1645 amantissimus5).
1512 1599 1566 1636 Et

142 1660 228 1692 erat
259 1655 311 1692 Μ.
345 1655 504 1699 Tullius,
540 1658 718 1703 quamvis
750 1657 934 1704 Pompeio
966 1658 1086 1693 etiam
1119 1661 1206 1693 tum
1238 1661 1340 1693 esset
1373 1657 1564 1699 addictus,

146 1777 370 1813 continentes,
391 1779 502 1809 multo
521 1778 630 1818 magis
651 1779 841 1814 consulares
861 1788 933 1809 esse
953 1782 1118 1819 oportere.
1162 1779 1212 1810 Of.
1234 1779 1281 1811 ad
1301 1779 1382 1810 fam.
1405 1779 1465 1814 VI,
1490 1781 1519 1814 8,
1546 1781 1560 1809 1

145 1824 230 1862 (dee.
255 1827 325 1862 4ss);
359 1826 424 1860 IX,
448 1827 478 1860 6,
505 1827 520 1856 l
545 1826 628 1863 (iun.
652 1828 717 1864 46).

249 1873 296 1905 ad
311 1873 392 1904 iam.
410 1873 477 1909 IX,
498 1874 548 1910 19,
570 1875 584 1904 1
605 1875 695 1914 (aug.
714 1875 784 1912 46):
821 1897 828 1904 .
842 1897 850 1905 .
863 1897 871 1904 .
885 1897 894 1905 .
911 1874 1012 1905 Balbi
1027 1874 1119 1914 regia
1136 1873 1288 1906 condicio
1305 1877 1358 1905 est
1373 1874 1561 1913 delegandi.

254 1931 279 1968 ι)
298 1930 344 1962 ad
364 1931 438 1962 Att.
460 1930 525 1966 XI,
548 1933 579 1967 6,
602 1932 622 1962 3
644 1931 690 1970 (d.
714 1932 765 1962 27.
787 1931 871 1963 febr.
894 1933 963 1970 48):
998 1932 1045 1962 Te
1064 1942 1156 1963 nunc
1182 1949 1214 1954 —
1238 1941 1311 1962 rem
1330 1931 1502 1962 ausissem.

250 1978 276 2015 ²)
297 1978 338 2008 V.
359 1988 476 2018 supra:
500 1979 546 2010 ad
568 1979 648 2009 fam.
672 1979 733 2014 VI,
758 1980 787 2014 8,
814 1981 847 2014 13
877 1978 942 2014 IX,
967 1980 997 2014 6,
1024 1981 1051 2009 1.

251 2025 278 2063 ⁸)
294 2025 340 2056 ad
359 2026 433 2057 Att.
452 2026 517 2062 IX,
538 2027 602 2057 ΒΑ
620 2027 701 2064 (fere
719 2026 754 2057 d.
775 2027 804 2056 7.
823 2030 925 2057 mart.
946 2027 1014 2064 49):
1144 2026 1308 2066 imprimis
1325 2037 1347 2057 a
1365 2029 1401 2057 te
1418 2030 1500 2066 peto
1525 2044 1557 2049 —-

141 2073 196 2104 uti
217 2073 355 2113 possim.

249 2120 275 2158 ⁴)
293 2120 341 2152 ad
357 2121 431 2151 Att.
452 2120 517 2156 IX,
539 2122 568 2156 6,
592 2122 607 2151 1
629 2122 675 2158 (d.
700 2122 748 2151 11.
768 2124 870 2152 mart.
891 2122 960 2159 49):
992 2122 1103 2152 Roma
1121 2121 1255 2161 scripsit
1274 2122 1402 2152 Balbus
1426 2139 1457 2144 -—
1481 2131 1560 2152 eum

142 2169 188 2200 ad
209 2168 328 2199 urbem
348 2168 514 2199 futurum.

248 2215 275 2254 ⁸)
294 2216 336 2246 V.
357 2225 383 2246 s.
406 2217 452 2248 ad
473 2217 547 2246 Att.
569 2216 634 2252 IX,
657 2218 714 2253 7a3
750 2216 803 2251 7b,
829 2217 927 2253 1—2;
962 2218 1016 2254 ''lc;
1054 2218 1130 2254 13a;
1163 2217 1209 2253 X,
1234 2219 1284 2252 14,
1309 2219 1342 2254 1;
1376 2218 1441 2253 IX,
1467 2219 1517 2252 16,
1540 2219 1560 2248 3

143 2265 191 2303 (d.
217 2265 268 2294 26.
293 2267 395 2295 mart.
421 2265 490 2302 49):
527 2265 579 2295 Tu
603 2264 706 2295 velim
728 2264 813 2295 mihi
836 2265 882 2296 ad
904 2265 1025 2296 urbem
1048 2269 1184 2305 praesto
1207 2265 1253 2297 sis
1281 2284 1314 2288 —
1343 2266 1379 2297 in
1402 2266 1561 2297 omnibus

141 2313 243 2343 rebus
257 2314 337 2342 utar
343 2323 352 2349 ;
386 2313 435 2347 18,
453 2313 474 2342 2
492 2312 538 2351 (d.
557 2313 609 2343 29.
627 2315 727 2343 mart.
747 2314 815 2350 49):
846 2313 901 2343 Ex
917 2313 1017 2344 Balbi
1032 2316 1150 2345 autem
1166 2323 1319 2344 sermone
1341 2332 1372 2336 —
1394 2314 1437 2344 de
1453 2315 1560 2345 altero

140 2369 195 2390 me
216 2359 369 2400 purgavi.

248 2407 288 2439 Ο.
308 2407 349 2438 Ε.
373 2406 527 2439 Schmidt
548 2417 582 2447 p.
604 2409 675 2439 165.

248 2456 324 2486 Hoc
349 2455 422 2486 loeo
447 2464 606 2487 moneam
630 2465 722 2487 anno
749 2457 790 2487 49
820 2456 999 2488 Gaditanis
1024 2466 1046 2487 a
1073 2458 1214 2488 Caesare
1240 2457 1415 2488 civitatem
1440 2458 1560 2488 datam

141 2513 213 2534 esse
234 2504 437 2534 Romanam.
