1965 3015
890 173 1130 210 —24—

295 285 336 310 se
372 273 586 321 praebebat
621 275 833 321 privatum,
882 276 1015 310 tamen
1052 273 1136 309 fieri
1171 284 1251 309 non
1286 275 1442 320 poterat
1479 273 1574 320 quin
1609 276 1723 313 multi

295 332 471 368 homines
502 331 585 368 eius
616 331 759 379 gloriae
791 334 831 368 et
863 331 1052 378 potestati
1084 330 1314 368 inviderent.
1378 330 1464 374 Qua
1495 341 1545 367 ex
1576 331 1725 369 invidia

294 400 375 425 non
396 388 548 432 dubito,
573 388 668 436 quin
691 388 757 425 illa
779 389 911 425 odiosa
933 387 1164 436 profluxerit
1185 388 1315 437 opinio
1337 399 1427 424 eum
1449 398 1580 425 mense
1600 387 1725 436 Aprili

297 447 389 484 anni
415 449 462 483 45
485 451 653 484 exeunte
677 447 878 485 Caesarem
902 445 1110 494 impulisse,
1136 450 1182 484 ut
1206 450 1413 491 senatum,
1451 458 1542 484 cum
1564 457 1654 483 eum
1677 450 1725 483 ut

296 505 457 541 summis
477 509 711 542 exornarent
731 504 940 542 honoribus
961 504 1126 547 adirent,
1154 504 1291 542 sedens
1311 504 1513 553 acciperet,
1545 514 1645 552 quae
1664 514 1726 540 res

297 563 451 611 saepius
472 575 497 600 a
518 563 716 600 veteribus
738 562 987 611 scriptoribus
1008 561 1190 605 traditur,
1213 574 1311 610 quos
1332 562 1448 606 locos,
1471 561 1563 609 quia
1584 561 1725 598 summi

298 620 488 657 momenti
512 631 594 656 esse
619 621 714 656 mihi
738 620 933 662 videntur,
958 619 1121 655 afferam
1146 619 1327 667 singulm.

397 687 430 722 I.
454 687 587 723 Livius
608 699 688 733 per.
716 689 802 722 116:
835 690 876 722 et
897 698 987 722 cum
1006 714 1014 722 .
1031 714 1039 722 .
1055 714 1063 722 .
1079 714 1088 722 .
1116 685 1272 732 plurimi
1293 688 1543 733 maxumique
1563 686 1728 721 honores

301 755 325 779 a
343 746 482 779 senatu
499 741 643 780 decreti
661 746 802 786 essent,
828 743 930 779 inter
947 754 1056 790 quoe,
1082 746 1128 779 ut
1145 753 1285 790 parens
1302 743 1452 790 patriae
1469 741 1731 791 appellaretur

297 804 339 836 et
359 804 627 837 sacrosanctus
648 812 694 837 ac
714 801 884 836 dictator
905 800 945 836 in
966 803 1197 847 perpetuum
1217 804 1331 843 esset,
1353 800 1522 837 invidiae
1542 800 1726 836 adversus

298 869 388 893 eum
415 869 572 893 causam
599 857 839 905 praestitere,
866 861 909 894 et
936 857 1041 904 quod
1068 857 1220 893 senatui
1246 857 1427 895 referenti
1453 857 1524 894 hos
1550 857 1726 900 honores,

299 927 388 951 cum
409 918 502 951 ante
523 915 659 951 aedem
680 914 838 952 Veneris
862 914 1074 952 Genetricis
1095 914 1257 958 sederet,
1278 926 1357 952 non
1378 914 1595 952 adsurrexit
1624 942 1725 952 .....

399 982 454 1018 ΙΙ.
489 982 696 1019 Suetonius
719 982 826 1019 Caes.
855 985 918 1017 78:
963 982 1154 1018 Adeuntis
1178 993 1219 1018 se
1243 993 1333 1018 cum
1357 982 1551 1029 plurismis
1574 981 1727 1018 honori-

298 1039 636 1086 ficentissimisque
661 1039 825 1076 decretis
851 1040 1050 1076 universos
1076 1042 1207 1086 patres
1233 1039 1470 1087 conscriptos
1495 1038 1631 1076 sedens
1656 1050 1729 1086 pro

301 1096 397 1132 aede
434 1095 594 1132 Veneris
635 1096 847 1133 Genetricis
884 1096 1050 1143 excepit.
1091 1096 1249 1143 quidam
1287 1099 1432 1143 putant
1469 1099 1665 1132 retentum
1704 1107 1729 1130 a

302 1152 478 1191 Cornelio
502 1153 640 1197 Balbo,
666 1165 755 1190 cum
780 1156 985 1190 conaretur
1009 1164 1217 1201 assurgere.

401 1229 477 1265 III.
509 1228 742 1266 Plutarchus
767 1230 874 1266 0808.
899 1232 962 1267 6οε
999 1225 1214 1275 προςιόντων
1239 1226 1278 1265 δὲ
1303 1229 1374 1265 τῶν
1396 1225 1545 1265 ὑπάτων
1569 1226 1634 1264 καὶ
1659 1227 1730 1263 τῶν

302 1283 532 1334 στρατηγῶν,
553 1281 635 1331 ἅμα
657 1283 697 1322 δὲ
717 1284 784 1322 καὶ
804 1285 865 1330 τῆς
885 1285 1018 1333 βουλῖς
1034 1283 1182 1331 ἁπάσης
1198 1285 1370 1334 ἑπομένης
1386 1286 1461 1332 οὐχ
1475 1283 1733 1332 ὑπεξαναστᾶς

301 1341 533 1389 ἀπεκρίνατο.
583 1341 633 1378 Τὸ
655 1340 694 1378 δὲ
715 1342 786 1379 οὐκ
803 1339 902 1388 εἶχεν
919 1339 1046 1389 οὕτως,
1069 1341 1165 1379 ἀλλὰ
1182 1341 1248 1379 καὶ
1262 1341 1362 1379 πάνυ
1377 1341 1599 1392 βουλόμενον
1616 1340 1732 1379 αὐτὸν

302 1399 549 1446 ἐξαναστῆναι
566 1399 609 1448 τῇ
623 1400 737 1448 βουλῇ
752 1399 928 1448 λέγουσιν
943 1397 1012 1436 ὑπό
1030 1416 1094 1436 του
1111 1400 1182 1436 νῶν
1193 1399 1320 1447 φίλων,
1336 1400 1475 1448 μὸἷλλον
1491 1399 1531 1437 δὲ
1546 1398 1731 1446 κολάκων,

301 1455 498 1503 Κορνηλίου
519 1453 675 1504 Βάλβου,
697 1457 984 1502 κατασχεθῆναι
1006 1453 1204 1503 φήσαντος.
1251 1456 1305 1494 Οὐ
1329 1452 1496 1505 μεμνήσῃ
1510 1461 1655 1504 Καῖσαρ
1679 1452 1731 1493 ὦν

304 1511 390 1550 οὐδὲ
415 1511 584 1560 ἀξιώσεις
608 1512 796 1561 κρείττονα
821 1511 1098 1561 ἓτεραπεύεσξναι
1123 1511 1293 1562 σεαυτόνς

403 1581 471 1618 IV.
497 1583 709 1630 Eutropius
734 1582 804 1625 VI,
830 1585 896 1619 25:
936 1594 1025 1619 cum
1049 1594 1121 1619 nec
1146 1583 1299 1620 senatui
1325 1584 1376 1619 ad
1402 1594 1442 1619 se
1467 1583 1638 1620 venienti
1664 1583 1732 1619 ad-

309 1642 480 1686 surgeret
513 1667 521 1675 .
538 1666 546 1675 .
563 1667 570 1675 .
587 1667 595 1675 .

405 1704 452 1741 V.
480 1705 632 1742 Cassius
649 1705 725 1742 Dio
739 1705 881 1750 XLIV,
900 1709 933 1749 8,
950 1709 990 1743 2:
1015 1703 1132 1750 ἐπειδὴ
1149 1703 1228 1754 γὰρ
1252 1707 1291 1742 ἐν
1311 1707 1381 1754 μιᾷ
1395 1722 1477 1743 ποτε
1497 1704 1617 1754 ἡμέρᾳ
1633 1702 1677 1742 τά
1695 1720 1733 1742 τε

306 1760 413 1797 πλείω
444 1759 509 1797 καὶ
540 1760 585 1796 τά
611 1760 719 1808 μείζω
750 1761 856 1807 σφῶν
885 1760 1136 1809 ψηφισάμενοι
1164 1764 1363 1809 προςῆλὲον
1394 1763 1499 1808 adusi
1525 1764 1564 1799 ἐν
1594 1764 1646 1808 τῷ
1668 1762 1735 1799 τοῦ

304 1816 538 1864 ’Δφροδισῖου
561 1814 708 1863 προνάῳ
739 1816 954 1865 καθημένῳ,
978 1815 1192 1866 καθήμενός
1217 1833 1330 1866 σφας,
1355 1816 1410 1856 εἴτ’
1431 1814 1497 1855 οὖν
1512 1818 1736 1866 δεοβλαβεῖᾳ,

307 1873 374 1911 nv}
399 1871 466 1911 εἴτε
491 1873 719 1922 περιχαρεῖᾳ,
742 1874 988 1922 προςεδέξατο.

404 1951 474 1989 VI.
510 1952 714 1999 Appianus
740 1952 795 1997 II,
826 1956 912 1989 107:
936 1951 978 1988 ‘O
987 1949 1026 1988 δὲ
1039 1950 1176 1994 αὐτούς
1187 1952 1365 1999 ἐδεξιοῦτο
1377 1952 1539 2000 μέν,ούχ
1550 1953 1733 1998 ὑπανέστη

307 2006 346 2045 δὲ
370 2008 588 2055 προςιοῧσιν.

405 2076 496 2113 VII.
538 2077 708 2114 Zonaras
734 2088 826 2114 ann.
851 2076 904 2121 X,
930 2081 992 2113 ll:
1053 2073 1267 2122 προςιόντων
1302 2078 1343 2112 δέ
1375 2090 1457 2113 ποτε
1486 2077 1557 2114 miv
1586 2074 1738 2114 ὑπάτων

308 2131 412 2178 αὐτῷ
441 2130 506 2169 καὶ
536 2132 606 2169 τῶν
636 2133 853 2181 στρατηγιῖἷν
878 2133 943 2170 καὶ
973 2133 1033 2178 τῆς
1062 2132 1195 2181 βουλῆς
1219 2130 1366 2180 ἁπάσης
1395 2133 1579 2182 ἑπομένης,
1603 2130 1655 2171 ὅτι
1685 2131 1734 2183 μὴ

308 2189 482 2236 ἐξανέστη
529 2187 758 2237 καθήμενος,
803 2190 847 2226 οὐ
885 2189 997 2238 μόνον
1044 2188 1198 2236 ἐλύπησε
1243 2189 1306 2236 τὴν
1346 2190 1482 2238 βουλὴν
1529 2191 1626 2229 ἀλλὰ
1671 2190 1736 2229 καὶ

310 2244 372 2282 rev
405 2246 532 2293 δῆμον.

315 2364 404 2404 cipio
442 2364 574 2394 colonia
611 2365 825 2403 praefectura
863 2366 899 2395 II
933 2367 970 2396 ir.
1002 2367 1052 2397 IV
1081 2367 1143 2397 vir.
1179 2367 1329 2399 aliumve
1364 2377 1465 2408 quem
1498 2377 1589 2408 mag.
1627 2369 1737 2408 petito

310 2420 422 2452 neque
447 2411 561 2451 capito
584 2420 696 2452 neque
719 2412 825 2451 gerite
849 2422 958 2453 neque
981 2414 1108 2444 habeto
1136 2424 1222 2445 neve
1245 2414 1312 2446 ibei
1335 2418 1471 2446 senator
1492 2425 1579 2447 neve
1599 2416 1737 2448 decurio

314 2469 402 2491 neve
421 2459 633 2500 conscriptus
653 2463 738 2495 esto,
759 2470 845 2490 neve
866 2461 1071 2492 sententiam
1090 2462 1229 2493 dicito“.
1271 2463 1321 2493 Cf.
1342 2464 1468 2495 Fontes
1488 2463 1570 2495 iuris
1589 2464 1737 2495 Romani

314 2507 449 2547 antiqui
470 2508 524 2539 ed.
549 2508 672 2538 Bruns.
719 2510 748 2538 6.
772 2508 824 2539 ed.
848 2508 1036 2539 Mommsen
1057 2519 1091 2548 p.
1118 2510 1178 2540 109
1200 2513 1286 2540 extr.
