1965 3015
735 143 967 178 -37-

144 240 306 291 bezeugt
326 241 471 285 finden,
492 243 593 279 noch
614 242 673 278 bis
694 243 734 279 in
754 243 858 279 diese
879 245 989 289 spate
1010 243 1094 278 Zeit
1114 242 1293 290 gehalten
1314 242 1397 285 hat,
1420 242 1471 277 ist
1492 254 1560 277 um

145 309 187 334 so
216 299 379 347 weniger
406 299 668 343 befremdlich,
699 300 755 336 als
784 312 858 337 uns
886 300 1025 348 gerade
1054 311 1132 336 von
1165 299 1291 336 Gades
1321 300 1421 336 auch
1451 302 1561 335 sonst

143 355 213 394 das
238 355 462 394 Festhalten
488 369 539 394 611
564 357 715 394 uralten
741 358 1019 394 Institutionen
1045 357 1313 393 ausdriicklich
1339 356 1560 393 iiberliefert

143 413 236 459 istl).
267 434 319 440 —
348 414 464 451 Dann
494 415 646 451 kommt
676 427 757 450 nun
788 415 881 450 aber
911 415 1041 450 weiter
1072 426 1143 450 vor
1174 414 1286 449 allem
1318 414 1446 456 hinzu,
1480 413 1558 449 dass

143 469 288 507 Balbus
315 471 434 507 selbst
460 471 667 518 geborener
697 471 907 508 Gaditaner
934 482 1105 518 gewesen
1132 471 1195 507 ist.
1223 491 1274 497 ——
1301 471 1370 506 Bei
1398 471 1478 506 ihm
1507 471 1559 506 ist

143 527 223 564 also
251 528 314 566 die
343 528 537 565 Kenntnis
565 528 647 565 und
675 528 738 564 die
766 528 1018 575 Anwendung
1046 528 1150 563 eines
1178 527 1283 563 alten
1316 528 1559 563 Gebrauches

142 585 264 621 seiner
287 585 446 621 Heimat
468 585 550 621 und
573 596 673 620 zwar
695 585 793 620 eben
816 584 857 619 in
880 584 1003 619 dieser
1025 583 1145 619 selbst
1167 584 1276 619 recht
1299 584 1400 618 wohl
1422 596 1470 619 zu
1493 585 1558 619 be-

141 641 324 688 greifen“.
388 641 473 676 Etsi
503 641 643 683 nescio,
675 644 808 676 utrum
839 639 969 677 Cicero
1001 651 1154 686 quoque
1184 640 1225 675 in
1256 640 1429 675 oratione
1459 640 1559 676 hanc

142 699 266 745 ipsam
301 708 467 744 poenam
503 700 595 734 ante
632 696 762 732 oculos
798 697 977 732 habuerit
1012 708 1145 738 1166116,
1195 699 1328 732 tamen
1364 696 1445 733 veri
1481 709 1560 733 non

141 754 334 791 dissimilis
365 754 459 790 mihi
491 754 647 790 videtur
677 765 724 789 ea
755 753 1036 801 interpretatio.
1102 753 1292 800 Relapsus
1322 757 1383 789 est
1415 753 1561 789 Balbus

141 812 267 848 minor
310 812 350 848 in
393 811 597 858 pristinam
642 811 979 855 inhumanitatem,
1027 810 1117 848 licet
1163 823 1249 848 eam
1287 809 1426 848 Caesar
1469 811 1561 847 olim

141 868 371 905 abolendam
395 869 601 905 curaverit.

786 936 821 970 2.

589 1011 681 1048 pro
716 1000 884 1038 Balbo
919 1000 1048 1044 XXV,
1077 1002 1134 1037 57.

238 1086 292 1122 Et
322 1085 525 1131 adoptatio
563 1083 788 1132 Theophani
825 1086 974 1132 agitata
1012 1089 1083 1128 est,
1120 1096 1188 1132 per
1219 1097 1336 1131 quam
1366 1084 1562 1121 Cornelius

139 1142 235 1180 nihil
273 1145 333 1178 est
371 1146 642 1189 praeterquam
681 1143 984 1190 propinquorum
1024 1153 1180 1179 suorum
1219 1142 1453 1178 hereditates
1492 1141 1560 1178 ad-

141 1202 307 1235 secutus.
1469 1215 1471 1217 ·

238 1256 396 1304 0111311110
426 1257 507 1294 11116
538 1257 697 1294 Reidius
727 1260 860 1293 monet
893 1258 945 1305 (p.
980 1259 1056 1303 94):
1104 1256 1170 1300 „It
1200 1256 1232 1292 is
1263 1256 1483 1304 impossible
1514 1260 1557 1294 to

139 1317 241 1350 state
272 1314 427 1360 exactly
458 1315 525 1351 the
556 1315 735 1361 meaning
766 1315 807 1350 of
837 1315 945 1350 these
976 1314 1142 1350 words.“
1203 1314 1414 1357 Manutius,
1448 1315 1557 1350 cuius

138 1370 317 1408 Klotzius
336 1371 431 1408 facit
451 1372 686 1408 mentionem
709 1370 799 1417 (ΙΙΙ,
823 1373 941 1417 1065),
963 1371 1020 1407 ita
1039 1370 1167 1407 10611111
1179 1370 1363 1414 declarat,
1384 1374 1431 1408 ut
1449 1371 1557 1407 dicat

139 1428 305 1464 Balbum
326 1440 384 1471 ea,
408 1439 506 1475 quae
527 1441 551 1464 a
567 1427 799 1475 Theophane
819 1429 1034 1464 hereditate
1054 1429 1256 1475 acceperit,
1278 1430 1379 1464 inter
1399 1429 1554 1475 propin-

140 1496 235 1532 quos
255 1496 343 1521 suos
361 1485 593 1532 dispertisse,
613 1488 659 1521 ut
677 1497 756 1521 non
775 1486 868 1532 ipse,
889 1485 956 1521 sed
972 1485 1026 1520 illi
1042 1485 1096 1520 616
1112 1486 1171 1521 1161
1188 1486 1279 1528 611113,
1300 1496 1418 1531 quam
1432 1486 1554 1531 opini-

138 1553 251 1579 onem
270 1542 432 1589 probare
452 1554 530 1578 non
550 1553 719 1588 possum.
753 1542 859 1579 Nihil
878 1542 956 1578 tale
977 1554 1001 1578 a
1014 1542 1193 1579 Cicerone
1212 1542 1365 1578 dicitur.
1398 1542 1501 1578 Nam
1524 1543 1555 1577 si

137 1611 197 1635 res
222 1599 279 1636 ita
303 1599 408 1635 facta
433 1602 545 1643 esset,
582 1599 728 1635 Balbus
755 1611 834 1635 non
867 1599 1171 1646 propinquorum
1196 1599 1431 1635 hereditates
1455 1603 1556 1634 esset

137 1656 354 1698 adsecutus,
386 1656 453 1691 sed
483 1656 537 1691 illi
567 1656 733 1692 assecuti
756 1659 884 1692 essent
909 1656 1022 1692 Balbi
1046 1656 1294 1692 hereditates
1355 1656 1426 1699 Ea,
1457 1667 1556 1702 quae

138 1712 321 1749 Iullienus
344 1713 491 1760 profert
518 1714 572 1760 (p.
594 1716 641 1748 44
662 1713 751 1749 adn.
775 1715 828 1758 5):
882 1713 1141 1756 „Crediderim
1167 1713 1346 1759 equidem
1380 1725 1458 1757 eos,
1490 1713 1557 1760 qui

137 1769 249 1805 Balbi
280 1781 304 1805 a
333 1768 566 1816 Theophane
595 1769 774 1817 adoptati
804 1770 898 1805 facti
928 1773 1021 1805 sunt
1050 1770 1269 1817 propinqui,
1300 1773 1459 1812 certam,
1489 1770 1557 1806 sed

136 1826 252 1863 aliam
276 1826 379 1873 patri
404 1830 445 1862 et
470 1826 551 1862 filio
575 1826 725 1863 dedisse
749 1830 985 1864 testamento
1009 1830 1173 1874 partem.
1224 1826 1314 1864 Non
1338 1827 1414 1863 alio
1438 1830 1557 1874 pacto

135 1883 346 1931 intellegas,
369 1895 437 1919 6111
458 1881 692 1931 Theophane
713 1884 805 1921 vivo
826 1884 973 1920 Balbus
994 1887 1126 1921 tamen
1148 1883 1382 1920 hereditates
1403 1884 1555 1931 assequi

135 1941 346 1987 potuerit“,
376 1940 454 1976 fere
482 1952 562 1977 non
591 1940 846 1989 intellegenda
874 1941 937 1978 vel
964 1941 1080 1978 nimis
1108 1940 1317 1977 artificiosa
1345 1943 1462 1989 puto;
1505 1952 1555 1977 ne

136 1998 398 2036 huiuscemodi
420 1998 575 2045 quidem
595 1998 803 2047 quicquam
822 2010 847 2034 a
861 1998 1039 2035 Cicerone
1058 1998 1200 2034 dicitur
1218 1997 1281 2034 vel
1297 2009 1346 2033 ex
1358 1998 1413 2034 eis
1426 1998 1555 2034 verbis

135 2067 222 2092 mea
237 2056 393 2103 quidem
407 2056 600 2094 sententia
613 2056 789 2093 concludi
802 2059 945 2103 potest.
974 2054 1098 2092 Multo
1113 2055 1248 2092 melius
1262 2055 1357 2092 mihi
1371 2055 1554 2092 videntur

135 2114 354 2161 excogitata
387 2117 428 2150 et
460 2113 632 2149 faciliora
665 2114 716 2149 ad
748 2113 1057 2161 intellegendum,
1093 2124 1191 2159 quae
1228 2113 1433 2160 Gasquyus
1465 2124 1553 2159 pro-

134 2171 265 2218 posuit
292 2172 344 2219 (p.
375 2172 450 2216 l5):
492 2170 614 2214 „Cum
638 2171 769 2218 potius
792 2182 861 2219 per
885 2170 1173 2218 adrogationem
1199 2181 1316 2217 quam
1340 2181 1409 2216 per
1433 2170 1553 2217 adop-

134 2229 280 2264 tionem
315 2229 355 2264 in
390 2227 634 2275 Theophanis
668 2228 855 2264 familiam
889 2228 1034 2264 Balbus
1068 2228 1247 2269 venisset,
1282 2239 1361 2264 non
1395 2227 1482 2273 plus
1516 2228 1552 2263 ei

245 2332 269 2369 ι)
293 2332 348 2362 Ex
377 2332 450 2363 loco
474 2332 622 2371 quodam
640 2333 734 2371 apud
753 2332 922 2363 Avienum
942 2342 987 2362 or.
1009 2341 1091 2362 mar.
1115 2333 1176 2362 273
1206 2333 1280 2368 (1106
1308 2332 1373 2361 1100
1403 2331 1552 2361 1060111111

135 2382 269 2416 praeter
298 2380 546 2410 Herculaneam
581 2380 830 2410 solemnitatem
860 2379 1006 2410 vidimus
1037 2379 1112 2409 miri
1141 2379 1236 2416 nihil)
1266 2381 1411 2418 apparet
1445 2378 1551 2408 etiam

137 2430 259 2465 quarto
284 2436 319 2467 p.
348 2427 423 2458 Chr.
450 2437 483 2457 n.
512 2428 645 2458 saeculo
673 2428 826 2458 Herculis
856 2427 1006 2459 Gadibus
1038 2427 1168 2458 cultum
1193 2426 1379 2457 seeundum
1405 2427 1550 2457 eundem

135 2477 371 2512 pervetustum
393 2475 498 2505 ritum
520 2476 727 2507 celebratum
749 2485 820 2506 esse
841 2485 881 2506 ac
903 2476 972 2505 fere
992 2475 1082 2505 mille
1103 2474 1200 2505 annis
1222 2477 1312 2504 ante.
