1965 3015
947 161 1187 199 -68-

446 261 464 307 5
496 262 561 304 323
609 263 722 296 5—8:
769 260 933 309 Ignosco
963 262 1049 306 tibi,
1081 262 1113 298 si
1142 272 1267 309 neque
1297 261 1515 298 Poenorum
1545 261 1631 298 iura
1660 262 1778 299 calles

351 317 573 364 <reliqueras
606 317 709 353 enim
743 317 946 356 civitatem
978 322 1103 365 tuam)
1135 330 1261 365 neque
1292 321 1446 355 nostras
1477 318 1642 365 potuisti
1673 318 1779 366 leges

349 374 553 423 inspicere3
582 375 685 422 ipsas
707 375 811 411 enim
833 378 875 412 te
896 388 921 412 a
947 376 1164 424 cognitione
1191 387 1261 412 sua
1287 374 1429 412 iudicio
1454 374 1610 422 publico
1635 386 1776 423 reppu-

351 431 492 468 lerunt.

451 488 696 526 Similia:
730 490 834 535 §25;
873 493 992 539 lsqq.
1030 492 1133 538 §333
1171 492 1323 526 15—17.
1362 490 1466 536 §4o;
1500 491 1633 528 7—10.
1670 489 1777 537 §fib

358 548 513 583 16—17.

450 615 484 648 6.
519 608 848 657 ’Δποσιώπησις
881 615 996 652 sive
1031 614 1331 652 reticentia.
1367 613 1755 661 (interruptio):

447 670 581 714 Quint.
608 670 682 713 IX,
711 672 745 714 2,
774 673 833 707 54.
883 672 999 708 Auct.
1026 672 1094 715 IV,
1122 674 1181 715 30,
1208 675 1267 708 41.
1367 711 1371 714 ,

447 728 464 773 §
493 730 537 763 13
546 740 555 770 ;
600 730 637 763 1:
681 727 721 764 Si
746 728 943 771 scientem,
968 748 1019 755 —
1043 728 1076 765 Ο
1101 739 1243 764 nomen
1266 728 1389 765 nostri
1413 728 1548 775 imperi
1564 727 1604 773 1²)

1024 823 1099 868 §3-

448 898 602 941 Restat,
635 902 682 934 ut
715 909 957 945 quaeramus,
990 897 1053 933 cui
1084 898 1212 945 generi
1244 898 1397 934 dicendi
1430 899 1554 935 oratio
1586 897 1779 935 Balbiana

350 955 401 991 sit
419 954 647 992 addicenda.
683 955 743 990 De
760 955 820 991 his
836 955 1039 1002 generibus
1055 955 1106 990 cf.
1125 954 1202 992 Cic.
1221 966 1276 991 or.
1296 957 1454 992 20—22.
1492 958 1535 991 81
1551 966 1637 1002 sqq.
1676 954 1778 992 Sunt

348 1012 506 1060 grande,
535 1012 720 1055 medium,
749 1015 879 1048 tenue.
937 1012 999 1048 Ex
1028 1011 1197 1048 secunda
1224 1012 1339 1048 huius
1367 1012 1506 1060 capitis
1533 1012 1777 1060 paragrapho

351 1070 446 1106 satis
487 1070 711 1118 apparuisse
745 1072 844 1117 puto
875 1069 1094 1107 Ciceronem
1125 1068 1250 1106 multa
1273 1073 1358 1107 arte
1382 1070 1597 1107 orationem
1621 1081 1779 1117 compo·

351 1128 483 1170 suisse,
523 1128 644 1163 verba
683 1128 927 1173 disposuisse,
967 1129 1101 1173 tropos
1139 1127 1360 1174 figurasque
1398 1126 1572 1174 elegisse;
1616 1138 1706 1163 vere
1736 1138 1779 1162 se

350 1184 531 1231 praebuit
549 1183 807 1231 eloquentem,
829 1183 896 1231 qui
915 1184 955 1220 in
974 1183 1059 1220 foro
1077 1183 1190 1227 dixit,
1209 1187 1256 1220 ut
1273 1183 1469 1231 probaret,
1488 1187 1535 1220 ut
1553 1183 1778 1228 delectaret,

350 1244 397 1277 ut
425 1241 600 1277 flecteret
631 1240 711 1287 (Or.
743 1243 802 1284 21,
835 1243 908 1286 69).
969 1240 1184 1277 Subtilibus
1212 1241 1449 1288 argumentis
1477 1253 1634 1277 causam
1663 1240 1777 1277 Balbi

349 1298 443 1333 fecit
466 1298 722 1344 probandam,
756 1297 906 1332 modice
930 1297 970 1333 in
991 1298 1215 1333 auditorum
1236 1298 1375 1333 animis
1394 1301 1583 1334 exornata
1603 1298 1779 1334 oratione

348 1353 586 1391 delectandis
613 1366 653 1390 se
679 1354 809 1402 gessit,
837 1354 1106 1390 vehementem
1133 1355 1173 1390 in
1199 1354 1370 1391 iudicum
1396 1354 1610 1398 flectendis,
1639 1366 1718 1402 qua
1735 1366 1779 1391 re

350 1411 493 1454 effecit,
519 1415 566 1448 ut
591 1411 738 1447 Balbus
762 1411 1039 1447 absolveretur.

446 1468 624 1505 Vidimus
648 1468 868 1505 Ciceronem
891 1467 1049 1504 minime
1072 1468 1277 1504 abhorrere
1300 1468 1351 1504 ab
1374 1468 1554 1505 omnibus
1576 1471 1618 1504 et
1641 1468 1777 1505 verbo-

348 1538 435 1562 rum
463 1529 504 1562 et
532 1526 812 1562 sententiarum
841 1525 1090 1568 ornamentis,
1118 1525 1276 1562 minime
1303 1525 1564 1562 verecundum
1591 1526 1709 1562 fuisse
1736 1526 1778 1562 in

349 1583 642 1627 transferendis;
698 1594 812 1630 saepe
852 1583 1032 1619 adhibuit
1072 1594 1131 1626 ea,
1173 1594 1273 1629 quae
1313 1583 1443 1620 Cicero
1483 1584 1628 1620 oratori
1667 1584 1778 1620 tenui

350 1641 534 1688 fugienda
565 1652 647 1677 esse
675 1641 772 1677 dicit
803 1642 872 1686 (or.
901 1641 936 1686 ἐξ
967 1643 1014 1676 84
1027 1642 1140 1687 sqq.).
1199 1640 1366 1676 Lumina
1405 1640 1635 1688 adsumpsit,
1677 1652 1779 1688 quae

351 1701 443 1734 sunt
478 1698 727 1735 vehementer
762 1697 951 1735 inlustria.
1024 1698 1124 1734 Rem
1158 1697 1356 1746 publicam
1391 1696 1778 1746 Carthaginiensium,

350 1755 424 1791 etsi
458 1767 537 1792 non
572 1756 667 1791 facit
700 1755 936 1802 loquentem,
971 1759 1105 1792 tamen
1138 1758 1242 1792 terra
1275 1756 1450 1802 marique
1482 1759 1779 1803 praepotentem

351 1817 556 1859 tamquam
596 1813 768 1860 reginam
808 1811 979 1859 appellat
1020 1814 1105 1859 (pro
1134 1812 1180 1848 B.
1209 1813 1227 1858 §
1257 1814 1336 1858 34);
1378 1815 1576 1849 mortuum
1611 1812 1778 1849 Marium

349 1869 498 1906 excitat
526 1869 699 1916 facitque
727 1869 921 1905 dicentem
953 1870 983 1915 (ς
1013 1870 1091 1914 47);
1134 1868 1260 1905 multa
1288 1869 1499 1906 acervatim
1527 1869 1780 1916 frequentans

349 1939 429 1963 una
448 1926 672 1974 complexus
691 1926 836 1963 devicit
855 1938 889 1962 e.
909 1938 946 1973 g.
965 1927 999 1972 §§
1014 1929 1074 1969 55¹
1096 1928 1155 1968 51,
1178 1928 1236 1961 64.
1289 1925 1447 1962 Minime
1464 1927 1636 1973 pepercit
1654 1926 1778 1974 digni·

349 1984 500 2020 tatibus
526 1987 567 2020 et
594 1984 774 2020 amicitiis
803 1983 867 2030 (cf.
895 1994 951 2019 or.
981 1985 1040 2026 26,
1071 1984 1143 2028 88),
1170 1993 1285 2031 saepe
1310 1982 1510 2031 praedicat
1535 1983 1778 2031 Pompeium,

348 2039 540 2084 Crassum,
565 2041 779 2084 Caesarem,
803 2041 1032 2078 clarissimos
1055 2041 1171 2083 viros,
1195 2040 1309 2077 Balbi
1332 2041 1600 2085 amicissimum
1625 2041 1780 2089 saepius

350 2098 548 2135 invehitur
575 2099 615 2135 in
641 2099 905 2135 adversarium
932 2101 974 2135 et
992 2098 1033 2134 id
1052 2098 1398 2134 vehementissime.
1449 2097 1524 2136 Sed
1543 2110 1568 2135 a
1586 2097 1778 2135 Balbiana

351 2157 484 2193 abesse
511 2156 689 2193 videmus
716 2168 775 2199 ea,
816 2167 915 2204 quae
942 2156 983 2193 in
1010 2155 1075 2192 illo
1102 2158 1255 2192 oratore
1280 2156 1388 2192 tenui
1413 2155 1508 2193 dicit
1527 2156 1662 2200 inesse,
1689 2155 1780 2192 dico

349 2215 510 2250 facetias
545 2218 586 2250 et
620 2214 887 2257 dicacitatem;
935 2225 1028 2250 nam
1062 2224 1152 2249 cum
1187 2213 1359 2249 irrisione
1393 2213 1563 2260 quadam
1597 2213 1780 2250 verberat

349 2271 626 2314 adversarium,
652 2283 731 2308 non
755 2282 960 2318 possumus
983 2271 1109 2307 dicere
1133 2281 1223 2306 eum
1247 2270 1468 2307 adhibuisse
1491 2271 1665 2307 facetias.

459 2370 483 2407 ι)
518 2371 570 2400 De
604 2370 853 2400 sententiarum
895 2370 1052 2401 clausulis
1095 2369 1259 2400 orationis
1292 2369 1480 2400 Balbianae
1513 2370 1557 2401 cf.
1591 2379 1644 2405 ea,
1688 2378 1779 2409 quae

349 2417 549 2449 Zielinskius
575 2417 720 2457 protulit
746 2417 782 2448 in
808 2417 893 2448 libro
919 2427 981 2447 suo
1014 2417 1108 2452 „Das
1133 2416 1390 2456 Klauselgesetz
1414 2417 1451 2448 in
1475 2417 1607 2448 Ciceros
1632 2416 1778 2448 Reden“

349 2465 483 2503 (Philol.
512 2465 630 2505 Suppl.
649 2465 715 2500 IX,
741 2466 805 2496 589
817 2464 911 2504 sqq);
935 2464 1060 2495 adhibe
1082 2464 1240 2495 tabulam
1264 2464 1493 2495 clausularum
1516 2463 1780 2495 iudicandarum

348 2522 452 2543 causa
473 2523 495 2543 a
517 2513 591 2543 viro
613 2512 811 2544 doctissimo
833 2512 1000 2543 additam.
