1965 3015
317 266 366 302 de
383 265 495 303 Cluvi
511 265 727 302 hereditate
745 266 798 303 ad
813 269 1032 314 praetorem
1047 265 1179 303 delata
1195 265 1395 314 agebatur,
1413 265 1454 302 in
1471 276 1550 313 qua
1565 269 1742 315 uterque,

316 335 406 360 cum
431 323 582 366 Caesar,
606 326 694 360 tum
718 324 862 368 Cicero,
887 324 1059 361 habebat
1081 324 1276 372 partem1).
1323 323 1421 361 Cum
1444 321 1618 367 Caesare,
1641 324 1743 363 bello

317 382 565 428 Hispaniensi
582 381 761 418 confecto
778 393 867 418 cum
885 381 947 418 ille
963 382 1197 425 revertisset,
1214 381 1385 418 rationes
1400 380 1541 418 habere
1557 381 1743 429 pergebat

317 438 507 484 Balbus2).

415 495 546 533 Cicero
582 499 716 533 tamen
753 497 917 539 illorum,
955 507 1194 542 quamquam
1230 497 1282 534 ab
1317 496 1372 533 eis
1408 496 1541 533 multis
1576 495 1742 533 affectus

315 557 401 589 erat
431 553 642 597 beneficiis,
677 553 791 590 valde
816 565 856 589 se
879 552 1025 590 offendi
1048 553 1246 590 confessus
1267 557 1328 590 est
1349 553 1413 590 vel
1435 554 1518 601 ipso
1541 552 1740 601 adspectu.

315 611 402 654 Qua
428 611 477 647 de
504 623 621 647 causa
647 623 713 647 rus
739 611 893 647 secessit
920 609 1061 656 quietis
1086 612 1286 657 praeterea
1311 611 1499 648 desiderio
1525 614 1742 647 commotus

315 668 500 715 librisque
523 669 563 704 in
586 667 869 705 conscribendis
891 678 1048 714 operam
1069 666 1277 713 navavit⁸),
1301 678 1380 715 qua
1401 672 1534 705 tamen
1554 679 1578 704 e
1599 678 1640 704 re
1661 678 1741 705 non

317 725 529 761 maximam
553 725 656 771 cepit
679 724 931 771 voluplatem,
957 724 1049 770 quia
1071 724 1191 760 etiam
1215 724 1341 761 Balbo
1364 736 1454 761 cum
1477 724 1632 761 Tusculi
1654 728 1741 761 tum

316 781 468 818 Lanuvi
489 785 601 818 erant
622 781 748 817 multa
769 781 989 824 latifundia,
1012 781 1106 828 agri,
1128 780 1256 824 villae,
1279 781 1319 818 in
1341 781 1483 828 quibus
1503 781 1566 818 ille
1588 792 1741 829 quoque

314 842 401 875 tum
415 838 684 885 morabatur-⁸),
698 843 740 875 et
754 838 911 886 quidem
924 838 1104 875 maximis
1116 838 1310 886 podagrae
1322 838 1519 879 doloribus
1532 839 1740 886 vexatus⁸).

314 896 462 940 Quibus
479 897 715 944 posthabitis
732 895 952 934 Ciceronem
969 896 1018 933 de
1037 896 1215 933 omnibus
1233 895 1307 932 illis
1323 896 1450 940 rebus,
1470 908 1570 944 quae
1587 896 1741 934 maioris

314 954 502 991 momenti
528 958 652 997 erant,
681 954 721 991 in
747 953 848 991 bello
873 954 991 1002 gestis
1017 953 1186 990 faciebat
1199 953 1430 1000 certiorem&
1457 958 1577 1002 atque
1592 955 1634 993 in
1656 954 1740 991 aliis

315 1023 482 1059 quoque,
511 1023 608 1059 quas
634 1012 687 1048 M.
716 1011 841 1048 Tullio
867 1023 981 1048 curae
1006 1023 1088 1048 esse
1115 1011 1274 1054 sciebat,
1302 1011 1428 1048 multa
1452 1012 1489 1047 ei
1514 1012 1741 1059 praestabat

315 1069 494 1115 officia⁷);
542 1069 892 1115 frequentabantur
925 1069 1137 1105 admodum
1170 1080 1239 1116 per
1271 1068 1337 1104 illa
1369 1072 1547 1116 tempora
1580 1072 1740 1105 mutuae

315 1126 468 1163 illorum
492 1126 723 1174 epistulae8).
771 1126 857 1170 Quo
879 1127 1029 1163 factum
1052 1129 1124 1169 est,
1149 1130 1196 1162 ut
1219 1126 1320 1163 inter
1343 1125 1439 1169 illos,
1464 1127 1537 1162 etsi
1560 1137 1640 1163 non
1664 1127 1739 1163 sin-

315 1195 437 1227 cerae,
463 1188 597 1220 tamen
621 1184 757 1219 firmae
781 1184 964 1220 evaderet
989 1183 1181 1220 amicitiae
1206 1183 1391 1230 species0).

424 1326 448 1363 ι)
471 1326 517 1356 ad
533 1325 638 1356 Attio.
655 1326 736 1361 VII,
755 1327 806 1361 37,
824 1327 844 1355 4
861 1326 908 1364 (d.
927 1327 957 1356 2.
974 1335 1051 1365 aug.
1070 1328 1138 1363 45):
1166 1325 1288 1360 Velim,
1304 1326 1334 1355 si
1348 1325 1413 1356 tibi
1428 1325 1574 1362 videtur,
1590 1326 1738 1366 appelles

314 1373 464 1404 Balbum
482 1390 514 1395 —
533 1383 631 1413 posse
644 1373 736 1405 diem
748 1373 877 1410 differi3
892 1374 944 1409 46,
961 1374 996 1410 2;
1011 1374 1030 1404 3
1045 1373 1092 1412 (d.
1103 1374 1152 1403 ll.
1164 1382 1242 1412 aug.
1258 1374 1327 1412 45):
1342 1373 1483 1404 Prorsus
1495 1383 1539 1404 ex
1551 1373 1604 1404 his
1618 1373 1738 1405 litteris

319 1438 352 1444 —-
379 1421 498 1452 Lamia
517 1422 664 1452 dicebat.
692 1439 724 1444 -—
750 1422 870 1452 Lamia
891 1421 1029 1462 quidem
1048 1431 1070 1452 a
1091 1421 1201 1452 Balbo
1226 1438 1259 1443 -
1284 1421 1359 1452 fieri
1379 1424 1566 1461 oportere,
1584 1422 1636 1457 46,
1660 1422 1695 1458 23
1718 1423 1738 1453 3

317 1470 364 1507 (d.
392 1470 440 1499 12.
463 1479 540 1508 aug.
565 1471 634 1507 45):
669 1470 818 1500 Balbum
839 1470 983 1500 conveni
1009 1486 1041 1491 —-
1067 1479 1111 1499 ne
1132 1478 1192 1508 per
1212 1478 1306 1499 meos
1329 1469 1476 1509 quidem.

423 1526 449 1563 ⁸)
471 1527 517 1558 ad.
539 1527 614 1556 Att.
638 1526 742 1561 XIII,
767 1527 819 1562 52,
847 1528 862 1556 1
888 1527 935 1565 (d.
962 1528 991 1557 9.
1015 1527 1087 1558 dec.
1112 1528 1180 1564 45):
1217 1526 1280 1556 Ille
1301 1526 1411 1557 tertiis
1437 1526 1672 1557 Saturnalibus
1699 1543 1731 1548 —

317 1574 466 1604 rationes
487 1574 607 1613 opinor
629 1584 707 1604 cum
728 1575 848 1605 Balbo.

423 1621 449 1657 ⁸)
468 1622 513 1651 ad
532 1622 607 1651 Att.
628 1622 731 1656 XIII,
753 1623 793 1652 39
814 1621 860 1659 (d.
882 1623 912 1651 5.
932 1631 1009 1660 aug.
1032 1622 1099 1659 45):
1133 1621 1291 1656 Romam,
1323 1624 1363 1651 ut
1383 1630 1507 1656 censes,
1527 1621 1673 1656 veniam,
1700 1637 1731 1642 —

316 1668 351 1699 in
373 1667 549 1700 scribendo
570 1668 702 1699 haereo.
748 1669 797 1699 Cf.
821 1669 866 1700 ad
888 1669 970 1700 fam.
993 1668 1054 1704 IV,
1081 1669 1130 1704 10,
1154 1669 1174 1699 2
1197 1668 1277 1707 (ian.
1301 1669 1366 1707 45).

424 1726 450 1762 ⁴)
469 1726 515 1757 ad
533 1727 607 1756 Att.
622 1726 725 1760 XIII,
747 1728 798 1760 50,
821 1728 836 1755 1
853 1726 900 1763 (d.
916 1727 967 1756 22.
981 1735 1057 1764 aug.
1073 1728 1141 1762 45):
1161 1735 1240 1756 cum
1251 1726 1335 1755 mihi
1349 1743 1382 1749 —
1400 1726 1550 1757 dixisset.
1585 1726 1634 1756 Cf.
1651 1727 1702 1760 37,
1717 1726 1737 1755 4

317 1773 363 1809 ‹d-
389 1774 520 1859 2⁸53
538 1774 620 1852 ggii.
643 1820 704 1856 V'I,
731 1822 780 1856 19,
804 1821 824 1851 2
847 1820 928 1859 (fere
949 1820 984 1853 d.
1009 1821 1059 1851 27.
1083 1820 1140 1851 iul.
1164 1821 1218 1858 45)
1238 1820 1282 1852 de
1302 1819 1477 1851 curatione
1503 1838 1536 1843 -
1561 1830 1631 1852 non
1652 1820 1734 1853 vidi.

314 1869 435 1899 Tantis
446 1869 574 1908 pedum
585 1869 759 1900 doloribus
770 1869 942 1903 adficitur,
955 1872 995 1898 ut
1008 1878 1043 1898 se
1056 1868 1227 1899 conveniri
1239 1868 1341 1904 nolit:
1360 1868 1407 1899 ad
1419 1869 1493 1898 Att.
1508 1868 1611 1903 XIII,
1625 1869 1701 1902 47b,
1719 1870 1733 1898 l

314 1916 360 1953 (d.
386 1916 437 1946 30.
461 1915 519 1946 iul.
544 1917 597 1953 45)
619 1915 761 1947 dixisset
788 1932 820 1937 -
848 1915 1010 1956 quoniam
1031 1914 1160 1945 Balbus
1181 1917 1234 1945 eet
1254 1923 1362 1955 aeger.

422 1973 446 2011 ⁸)
464 1974 510 2005 ad
528 1974 602 2004 Att.
622 1974 726 2009 XIII,
746 1975 798 2009 44,
820 1975 838 2004 3
858 1974 904 2012 (d.
925 1974 977 2004 20.
996 1974 1061 2004 vel.
1082 1974 1133 2003 21.
1152 1972 1210 2004 iul.
1231 1974 1284 2012 45)
1302 1990 1334 1995 -
1353 1983 1421 2012 qua
1431 1973 1474 2005 de
1490 1983 1527 2004 re
1545 1973 1736 2005 litterarum

318 2038 350 2042 —
378 2021 508 2060 Oppius
530 2025 565 2051 et
587 2022 716 2051 Balbus
737 2022 915 2058 miserantg
940 2023 991 2055 50,
1017 2022 1035 2051 3
1058 2022 1104 2058 (ν.
1128 2022 1168 2058 s.)
1207 2021 1259 2050 De
1280 2020 1434 2051 adventu
1455 2021 1605 2051 Caesaris
1631 2037 1663 2043 -
1689 2021 1735 2051 ab

313 2068 424 2108 Oppio
446 2071 482 2099 et
504 2068 623 2100 Balbo.

421 2118 445 2154 ⁷)
463 2127 491 2147 e.
510 2127 541 2156 g.
559 2118 605 2148 ad
622 2118 696 2147 Att.
715 2117 799 2152 XII,
819 2119 871 2152 47,
893 2119 907 2147 l
929 2118 975 2154 (d.
999 2118 1047 2147 16.
1065 2116 1145 2147 mai.
1165 2118 1233 2154 45):
1265 2117 1317 2147 Eo
1332 2117 1440 2156 magis
1456 2116 1595 2148 delabor
1617 2133 1649 2139 ——
1670 2126 1732 2147 nec

312 2164 436 2195 audere
457 2174 493 2194 re
515 2164 655 2195 incerta.

421 2212 446 2250 ⁸)
465 2213 511 2244 ad
530 2213 604 2243 Att.
625 2212 710 2248 XII,
734 2214 783 2248 19,
805 2214 825 2243 2
845 2213 891 2251 (d.
916 2214 965 2243 14.
985 2216 1086 2244 mart.
1108 2214 1189 2251 45).:
1209 2213 1262 2243 De
1280 2212 1430 2244 Antonio
1449 2213 1579 2244 Balbus
1598 2221 1733 2252 quoque

313 2259 360 2289 ad
381 2269 436 2289 me
459 2269 538 2289 cum
561 2260 673 2298 Oppio
695 2260 902 2299 conscripsit,
927 2260 1029 2299 idque
1051 2260 1116 2290 tibi
1137 2260 1314 2299 placuisse,
1336 2269 1380 2290 ne
1402 2260 1633 2299 perturbata-3
1669 2259 1734 2289 illis

313 2305 366 2345 egi
385 2306 527 2345 gratias;
560 2306 664 2341 XIII,
686 2307 737 2342 21,
760 2308 779 2337 6
799 2307 846 2345 (d.
869 2308 920 2337 30.
941 2306 1011 2337 iun.
1032 2307 1086 2338 vel
1110 2308 1137 2337 1.
1159 2306 1216 2337 iul.
1238 2308 1307 2345 45);
1340 2307 1392 2338 De
1412 2307 1561 2338 Caesaris
1580 2307 1734 2338 adventu

313 2353 448 2393 scripsit
469 2354 515 2386 ad
536 2363 592 2385 me
614 2354 742 2385 Balbus
763 2364 832 2385 non
853 2357 935 2386 ante
957 2354 1035 2385 Kal.
1061 2354 1153 2385 Sext.

421 2410 446 2447 ⁶)
465 2410 512 2440 ad
531 2410 637 2453 Attio.
659 2410 743 2445 XII,
768 2411 817 2444 13,
839 2411 859 2439 2
881 2411 927 2448 (d.
951 2412 980 2440 7.
1000 2414 1101 2440 mart.
1124 2412 1193 2447 45):
1225 2411 1324 2446 Quod
1336 2410 1454 2441 scribis
1465 2411 1509 2442 de
1529 2410 1671 2450 Apuleio
1696 2426 1729 2433 ·-

311 2457 348 2487 in
379 2457 452 2489 dies
484 2457 649 2498 singulos,-
677 2458 723 2489 ad
754 2458 836 2488 fam.
869 2457 949 2493 VII,
973 2458 1024 2493 24,
1051 2459 1065 2488 l
1091 2457 1174 2496 (fere
1194 2457 1227 2489 d.
1252 2458 1304 2488 20.
1327 2467 1404 2498 aug.
1428 2459 1496 2496 4⁵):
1531 2458 1632 2494 olim,
1655 2467 1734 2489 cum
1771 2474 1773 2476 ·

310 2514 451 2546 regnare
476 2524 509 2529 —
537 2506 695 2537 omnibus
716 2509 850 2546 praeter
872 2506 985 2537 istum.
1678 2528 1681 2532 -
