1965 3015
794 163 1032 200 „59—

303 263 462 312 Saepius
487 264 663 302 narratio
685 263 847 311 querelis
875 265 925 310 (8,
957 266 1002 300 15
1027 275 1057 300 s.
1085 263 1141 309 f.),
1169 262 1506 300 adhortationibus
1535 263 1625 307 (19),

201 322 308 358 vitae
338 321 549 358 Balbianae
578 322 836 371 descriptione
867 323 931 368 (6),
963 320 1259 358 allocutionibus
1292 322 1342 366 (8,
1379 322 1435 363 10,
1473 322 1530 362 11,
1567 322 1624 361 13,

207 382 263 422 15,
286 381 453 425 17—19),
477 378 662 426 exemplis
679 391 749 426 pro
766 379 1002 427 argumentis
1019 378 1203 415 adhibitis
1222 380 1298 424 (ll)
1316 378 1623 424 interrumpitur.

203 436 261 474 De
285 437 357 472 hac
381 447 440 473 re:
466 435 674 471 Preiswerk
700 438 758 472 30.
786 439 844 473 31.
870 436 919 472 cf.
945 439 1047 484 part.
1073 447 1128 471 or.
1156 439 1190 478 9,
1218 438 1276 471 32.

302 502 377 539 Sed
400 500 608 537 refellenda
631 502 725 537 mihi
749 513 831 537 esse
854 501 1009 538 videtur
1034 501 1185 538 Rohdei
1210 502 1414 544 sententia,
1441 502 1508 548 qui
1533 513 1624 539 con·

201 560 330 595 tendit
366 559 586 595 Ciceronem
621 558 662 594 in
699 559 872 595 oratione
908 558 1098 595 Balbiana
1134 559 1290 595 omnino
1327 559 1498 594 omisisse
1534 570 1622 594 nar-

201 616 403 659 rationem,
429 614 520 661 quia
542 614 745 650 verisimile
767 618 868 651 esset
890 626 967 658 eos,
992 616 1058 662 qui
1082 619 1198 651 antea
1220 619 1348 651 essent
1370 615 1502 658 locuti,
1527 615 1623 651 satis

204 674 282 709 iam
310 683 392 708 rem
421 671 636 708 narravisse
668 673 756 717 (31).
820 671 895 708 Sed
924 672 1173 719 paragraphis
1204 676 1226 707 5
1240 684 1324 718 sqq.
1356 675 1507 708 attente
1538 683 1623 718 per-

201 729 311 766 lectis
328 739 442 764 nemo
460 727 671 770 dubitabit,
693 729 786 774 quin
805 728 934 764 Cicero
954 729 1131 775 quamvis
1149 728 1317 765 breviter
1335 733 1465 765 narret
1484 730 1625 765 tertius

201 790 388 835 patronus
418 788 459 821 et
489 785 823 832 argumentatione
846 786 924 822 iam
949 785 1136 821 admixta.
1186 786 1325 832 Itaque
1357 799 1435 823 non
1468 798 1624 833 prorsus

202 843 413 879 narratoris
437 842 567 878 officio
592 854 632 878 se
657 842 867 878 abdicavit.

299 909 429 946 Cicero
463 909 559 945 dicit
593 920 633 944 se
667 909 716 944 de
750 908 845 956 lege,
880 908 1044 950 foedere,
1080 909 1276 955 exemplis,
1311 913 1498 956 perpetua
1534 921 1623 945 con-

203 966 406 1003 suetudine
427 966 599 1002 civitatis
620 977 702 1002 esse
724 966 920 1002 dicturum
945 964 1048 1011 (VII,
1077 967 1151 1011 17);
1188 965 1237 1001 cf.
1261 965 1309 1003 de
1331 966 1410 1003 inv.
1434 966 1467 1009 I,
1493 969 1551 1009 22,
1577 969 1622 1002 31

175 1016 178 1018 μ
204 1023 341 1070 (altera
355 1026 415 1059 est
429 1044 480 1050 -
494 1024 653 1071 ponitur
667 1023 902 1069 distributa).
937 1022 1068 1069 Leges,
1085 1023 1307 1059 testimonia
1321 1027 1396 1059 etc.
1413 1024 1625 1059 secundum

201 1080 419 1117 Aristotelis
462 1080 679 1119 doctrinam
723 1079 1018 1128 probationibus
1060 1079 1367 1116 inartificialibus
1412 1080 1628 1118 addicenda

202 1141 311 1175 sunt:
351 1138 469 1174 Rhet.
495 1138 528 1181 I,
556 1140 590 1180 2,
621 1138 758 1180 1355b,
781 1140 828 1174 35
847 1149 931 1184 sqq.
958 1151 1100 1181 ατεχνα
1122 1134 1160 1171 δὲ
1183 1135 1290 1183 λέγω,
1315 1150 1388 1171 οσα
1405 1133 1453 1183 μὴ
1472 1137 1509 1171 δι’
1496 1135 1626 1182 ιὴμῶν

202 1190 424 1240 πεπόρισται,
445 1191 539 1228 ἀλλὰ
557 1193 796 1240 προϋπῆρχεν,
817 1209 893 1230 οιον
909 1190 1110 1241 μάρτυρες.
1149 1208 1393 1241 ,συγγραφαι
1461 1222 1469 1231 .
1518 1194 1625 1230 Haec

203 1253 333 1288 omnia
357 1252 474 1299 igitur
497 1255 651 1299 praesto
675 1256 779 1296 sunt,
804 1264 883 1289 non
906 1253 1063 1289 demum
1087 1253 1137 1289 ab
1162 1256 1313 1289 oratore
1342 1251 1624 1299 investiganda.

470 1394 545 1431 III.
583 1395 944 1432 Confirmatio
979 1400 1031 1432 et
1067 1395 1351 1432 refutatio.

300 1490 437 1526 Rohde
467 1493 514 1526 40
528 1502 612 1537 sqq.
670 1490 878 1527 Preiswerk
908 1494 954 1527 35
968 1503 1052 1538 sqq.
1111 1491 1168 1528 Of.
1198 1491 1313 1526 Auct.
1344 1491 1377 1533 Ι,
1410 1494 1443 1533 3,
1475 1494 1515 1533 4;
1564 1493 1622 1534 10,

207 1550 251 1583 18
266 1559 350 1594 sqq.
377 1550 432 1583 15.
475 1546 534 1583 De
555 1548 634 1583 inv.
657 1548 689 1590 Ι,
713 1550 771 1590 24,
796 1551 859 1591 35;
897 1551 955 1591 29,
979 1551 1043 1591 44;
1080 1551 1139 1591 42,
1164 1551 1222 1583 78.

299 1613 356 1649 Ac
386 1613 554 1661 primum
586 1614 741 1661 quidem
773 1615 996 1651 testimonia
1024 1615 1088 1660 (cf.
1115 1615 1164 1651 de
1190 1626 1245 1650 or.
1273 1614 1328 1657 II,
1357 1617 1417 1657 27,
1448 1617 1529 1660 116)
1556 1615 1625 1651 ad·

202 1671 330 1707 hibuit
359 1682 433 1718 pro·
461 1671 507 1707 B.
540 1671 632 1714 XX,
665 1675 712 1707 45
725 1693 775 1698 —
788 1672 903 1715 XXI,
936 1675 995 1715 49,
1025 1671 1247 1719 exemplum
1278 1671 1432 1714 XVIII,
1465 1675 1524 1714 41,
1556 1672 1625 1707 ubi

202 1739 291 1762 cum
305 1727 417 1763 Marii
431 1731 517 1763 tum
536 1728 816 1764 Gaditanorum
831 1729 957 1764 utitur
971 1729 1215 1771 testimoniis,
1232 1728 1372 1775 quibus
1386 1728 1626 1765 demonstret

203 1784 369 1820 Balbum
402 1785 613 1821 secundum
645 1785 747 1833 leges
780 1785 940 1822 civitate
973 1786 1153 1822 Romana
1184 1785 1375 1821 donatum
1407 1797 1500 1822 esse.
1568 1786 1625 1822 Ut

203 1845 344 1889 augeat
396 1842 670 1879 auctoritatem
722 1842 900 1891 exempli,
954 1844 1121 1879 virtutes
1167 1842 1268 1879 illius
1318 1843 1627 1880 excellentissimi

202 1898 476 1947 clarissimique
501 1901 669 1937 auctoris
692 1900 904 1949 praedicat.
954 1901 1092 1938 Rohde
1118 1904 1182 1945 43;
1222 1901 1271 1938 of.
1296 1902 1314 1947 ξ
1337 1903 1395 1937 41.

299 1967 359 2002 De
391 1967 589 2014 exemplis,
620 1968 724 2014 quod
756 1980 876 2016 genus
904 1969 966 2004 hic
992 1969 1219 2016 saepiusque
1245 1969 1284 2004 in
1309 1968 1482 2004 oratione
1507 1968 1625 2004 habe-

202 2035 301 2067 mus,
328 2024 377 2061 cf.
405 2024 521 2062 Auct.
551 2025 618 2068 IV,
650 2028 708 2069 49,
740 2028 785 2061 82
814 2025 1046 2073 Exemplum
1074 2029 1134 2062 est
1156 2047 1207 2052 —
1231 2025 1370 2073 quibus
1398 2024 1623 2063 similitudo,

203 2082 262 2118 De
303 2081 554 2118 similitudine
594 2083 643 2117 cf.
673 2083 788 2118 Auct.
821 2083 888 2125 IV,
921 2086 980 2125 48,
1013 2086 1077 2119 59:
1121 2083 1332 2119 similitudo
1365 2086 1424 2117 est
1452 2103 1502 2107 —
1530 2085 1623 2117 ante

202 2138 332 2176 oculos
356 2139 536 2187 ponendi.
561 2160 612 2165 ——
636 2142 695 2182 47,
724 2142 787 2183 60;
828 2142 887 2183 48,
916 2142 974 2176 61.
1024 2140 1156 2185 Quint.
1182 2140 1228 2183 V,
1259 2143 1314 2183 11,
1346 2143 1462 2186 lsqq.

301 2206 348 2242 In
364 2208 398 2252 ξς
416 2209 459 2241 21
476 2218 560 2252 sqq.
581 2207 661 2253 agit
678 2207 807 2242 Cicero
823 2207 873 2242 de
889 2208 971 2243 iure
989 2208 1177 2250 civitatis3
1206 2207 1345 2253 quibus
1362 2206 1476 2241 dietis
1492 2206 1626 2241 studet

201 2262 477 2307 demonstrare,
505 2263 698 2311 quomodo
722 2263 818 2300 illud
842 2264 892 2301 ab
913 2264 1075 2301 aliarum
1095 2265 1298 2301 civitatum
1318 2265 1399 2300 iure
1417 2263 1621 2311 discrepet.

204 2321 326 2357 Recte
360 2321 629 2357 Preiswerkius
671 2322 836 2358 adnotat
875 2324 950 2368 (54)
992 2323 1032 2358 in
1069 2324 1103 2369 §§
1142 2324 1282 2357 27—31
1326 2321 1434 2357 illum
1475 2325 1622 2356 certam

202 2381 244 2415 et
264 2378 337 2415 sibi
358 2381 601 2415 constantem
621 2378 804 2425 praebere
824 2379 1054 2417 doctrinam.
1096 2380 1207 2423 Quod
1227 2378 1402 2415 exsulum
1423 2382 1463 2414 et
1484 2390 1624 2425 causae

202 2435 403 2472 Menandri
447 2435 496 2472 fit
539 2437 686 2472 mentio
723 2438 812 2482 (28),
857 2437 898 2473 id
936 2438 976 2474 in
1011 2437 1229 2475 communia
1262 2436 1527 2483 accipiendum
1562 2440 1623 2472 cst

203 2496 431 2540 argumenta
452 2493 675 2539 (Preiswerk
696 2496 768 2540 55).
808 2494 911 2531 Nam
931 2495 971 2531 id
991 2506 1191 2531 commune
1210 2505 1303 2537 esse,
1325 2493 1429 2540 quod
1448 2494 1624 2528 homines

1412 2583 1449 2612 5*
