1965 3015
731 151 970 187 ..39—

138 250 324 295 homines,
361 251 439 300 qui,
475 263 564 289 cum
599 249 842 300 Theophanis
876 253 1005 288 essent
1038 250 1258 299 propinqui,
1293 249 1441 298 nuptiis
1476 249 1559 286 eius

138 310 259 346 etiam
282 309 396 346 Balbi
419 313 547 346 essent
572 310 679 346 facti.
723 310 869 346 Eorum
893 309 1011 356 igitur
1034 309 1193 345 divitias
1214 308 1258 344 L.
1281 307 1477 345 Cornelius
1497 311 1558 343 est

139 369 337 403 assecutus
361 366 569 415 adoptione
594 378 664 404 sua
688 369 808 414 atque
831 365 1058 403 hereditate.

666 530 907 609 Caput
943 531 1035 590 Π.

513 645 582 691 De
612 644 947 690 consuetudine
976 645 1186 689 civitatis.

236 744 320 781 Hoc
345 744 474 790 capite
498 743 593 779 mihi
617 743 812 790 proposui,
837 746 884 779 ut
906 743 1094 780 nonnulla
1117 743 1373 790 disceptarem
1397 742 1446 779 de
1471 754 1561 778 con·

138 801 341 838 suetudine
381 799 553 837 civitatis
589 800 754 844 dandae,
796 811 896 848 quae
924 800 1042 837 fuerit
1071 800 1145 837 illis
1172 800 1227 837 rei
1256 799 1434 848 publicae
1462 803 1560 838 tem-

137 859 295 906 poribus
317 861 359 894 et
383 858 577 904 quomodo
600 858 739 894 civitas
762 858 941 895 Romana
964 859 1108 895 mutari
1131 861 1202 895 aut
1224 858 1367 894 amissa
1389 858 1561 905 potuerit

135 914 364 963 recuperari,
406 926 506 962 quae
545 914 840 952 deliberationes
879 915 1010 952 referri
1050 918 1213 963 possunt
1253 915 1305 952 ad
1345 916 1560 952 orationem

137 972 381 1010 Balbianam.
437 972 705 1021 Incipiendum
737 976 870 1010 autem
900 973 1013 1010 nobis
1043 977 1104 1010 est
1135 974 1204 1016 ita,
1236 976 1283 1009 ut
1315 984 1558 1020 quaeramuS,

139 1030 263 1078 qualis
286 1029 404 1066 fuerit
427 1033 556 1066 status
580 1041 718 1067 causae
742 1030 967 1068 Balbianae.

233 1087 323 1125 Non
341 1087 579 1131 dubitamus,
606 1087 700 1135 quin
717 1087 931 1125 habeamus
949 1088 1267 1125 constitutionem
1284 1087 1559 1136 negotialeml).

138 1145 198 1182 De
229 1146 302 1182 hac
332 1144 493 1193 legimus
523 1146 564 1182 in
588 1145 778 1183 Ciceronis
807 1145 906 1183 libro
929 1145 978 1183 de
1001 1146 1082 1183 inv.
1108 1146 1141 1190 I,
1171 1148 1228 1190 11,
1257 1148 1319 1182 14:
1357 1145 1560 1193 negotialis

140 1204 243 1248 [est],
263 1203 304 1239 in
318 1214 408 1249 qua,
433 1203 527 1249 quid
539 1202 632 1239 iuris
645 1214 694 1239 ex
707 1203 810 1239 civili
823 1215 929 1240 more
942 1207 983 1240 et
996 1204 1194 1250 aequitate
1207 1203 1271 1246 sit,
1295 1203 1560 1239 consideratur

137 1263 178 1296 et
204 1259 259 1303 ΙΙ,
286 1262 346 1302 21,
375 1262 438 1295 62:
477 1259 689 1307 Negotialis
720 1263 793 1303 est,
833 1271 932 1307 quae
963 1260 1004 1296 in
1029 1260 1114 1308 ipso
1136 1260 1292 1308 negotio
1317 1260 1410 1296 iuris
1435 1259 1557 1296 civilis

136 1316 256 1353 habet
299 1315 538 1363 implicatam
574 1317 886 1353 controversiam.
953 1317 1170 1360 Quaeritur,
1214 1317 1436 1364 potueritne
1470 1317 1556 1363 quis

136 1385 185 1409 ex
201 1372 361 1409 civitate
376 1373 575 1409 foederata
590 1373 630 1409 in
644 1373 844 1410 civitatem
862 1374 993 1410 venire
1009 1374 1240 1417 Romanam,
1256 1374 1331 1409 nisi
1347 1374 1380 1409 is
1389 1373 1556 1421 populus

137 1430 281 1466 fundus
300 1429 427 1466 factus
447 1433 548 1466 esset
570 1430 634 1475 (cf.
656 1430 793 1466 Rohde
813 1442 852 1477 p.
876 1430 965 1478 5s6).
1006 1431 1219 1467 Accusator
1238 1431 1311 1467 hoc
1330 1434 1554 1478 negaverat,

136 1488 210 1523 etsi
232 1498 371 1535 negare
391 1498 470 1524 non
492 1487 622 1534 potuit
645 1487 871 1535 Pompeium
894 1488 1054 1524 civitate
1075 1488 1239 1524 donasse
1261 1487 1441 1531 Balbum,
1465 1500 1554 1524 cum

136 1544 313 1591 graviora
348 1547 575 1591 argumenta
609 1548 737 1580 essent
774 1548 929 1591 praesto
962 1556 1079 1591 quam
1110 1548 1157 1580 ut
1188 1545 1260 1580 hoc
1292 1545 1437 1580 faceret
1470 1547 1555 1591 (pro

138 1601 184 1637 B.
210 1600 322 1643 VIII,
352 1602 422 1646 19).
501 1600 616 1637 Omni
654 1601 770 1637 modo
808 1601 941 1637 studet
980 1600 1203 1649 imperatori
1241 1600 1450 1637 clarissimo
1489 1601 1556 1637 ob-

137 1661 314 1693 trectare.
359 1656 545 1700 „Fecisse,
568 1658 672 1703 quod
691 1670 782 1693 eum
802 1658 927 1694 facere
947 1670 1026 1694 non
1046 1658 1221 1694 licuerit“
1248 1659 1332 1705 (pro
1346 1658 1393 1694 B.
1408 1658 1485 1701 III,
1503 1661 1555 1704 8);

136 1715 399 1750 demonstrare
429 1714 470 1749 in
501 1713 632 1750 animo
661 1714 781 1750 habet
812 1713 980 1754 Balbum
1020 1726 1100 1751 non
1142 1715 1354 1751 secundum
1384 1714 1486 1762 leges
1516 1718 1558 1751 et

137 1770 454 1807 consuetudinem
478 1770 603 1807 civem
627 1770 850 1808 Romanum
873 1782 955 1808 esse
979 1770 1141 1808 factum.

234 1827 340 1870 Quae
363 1827 426 1862 ille
447 1827 561 1871 dixit,
592 1827 722 1865 Cicero
744 1829 988 1875 proscindere
1009 1829 1154 1871 studet,
1185 1832 1232 1865 ut
1249 1832 1310 1865 est
1330 1830 1447 1865 homo
1466 1829 1559 1865 iuris

136 1883 401 1932 peritissimus,
427 1883 560 1921 multis
583 1884 768 1933 exemplis
792 1884 989 1929 adhibitis,
1014 1897 1248 1933 unaquaque
1271 1885 1443 1922 civitatis
1467 1897 1556 1923 con-

137 1942 341 1978 suetudine
361 1942 456 1978 satis
476 1942 711 1989 disceptata3
746 1943 825 1978 iam
845 1943 1064 1990 Pompeius,
1075 1943 1153 1990 ,qui
1172 1943 1320 1990 primus
1339 1954 1410 1990 pro
1431 1943 1556 1980 Balbo

137 1999 290 2035 locutus
318 2001 390 2044 est,
421 1998 470 2035 de
499 1999 592 2043 iure,
623 1999 672 2035 de
700 1998 897 2047 exemplis,
927 1999 976 2036 de
999 1999 1229 2044 foederibus,
1259 1999 1308 2036 de
1332 2000 1417 2036 aliis
1440 2000 1556 2037 rebus

136 2056 331 2104 permulta
349 2056 503 2093 dixerat
518 2056 565 2103 (I,
581 2058 630 2102 2),
650 2060 698 2093 ut
717 2068 874 2093 causam
887 2057 1000 2093 Balbi
1020 2057 1210 2093 iudicibus
1229 2057 1423 2104 probaret.
1465 2057 1555 2094 Non

137 2113 233 2149 satis
256 2113 419 2160 perspici
443 2116 587 2160 potest,
624 2125 723 2160 quae
747 2114 885 2151 deinde
909 2113 1065 2151 Crassus
1088 2125 1159 2161 pro
1183 2113 1307 2150 Balbo
1331 2113 1554 2161 protulerim

137 2170 267 2207 Cicero
287 2170 337 2206 de
356 2170 412 2206 eis
431 2169 633 2217 paululum
653 2171 805 2207 cautius
826 2171 922 2219 egit3
957 2170 1057 2207 dixit
1077 2170 1173 2207 nihil
1191 2171 1265 2207 nisi
1285 2182 1376 2207 eum
1396 2182 1554 2207 causam

136 2227 426 2275 diligentissime
449 2226 670 2275 explicasse.

235 2285 297 2321 Ex
323 2284 390 2328 eis,
419 2296 519 2332 quae
545 2289 766 2332 sequentur,
793 2285 955 2329 videbis,
983 2285 1176 2333 quomodo
1201 2297 1251 2321 ex
1277 2285 1555 2322 consuetudine

137 2342 309 2378 civitatis
345 2342 587 2379 adversariae
626 2342 712 2379 illae
748 2343 946 2390 opiniones
981 2343 1059 2380 sint
1097 2346 1167 2380 aut
1201 2342 1445 2390 accipiendae
1484 2346 1554 2380 aut

136 2399 378 2436 refellendae.

247 2485 271 2523 ι)
293 2484 342 2515 Of.
366 2485 487 2517 Rohde
512 2487 582 2521 154,
607 2487 636 2517 5.
682 2486 747 2517 Cic.
770 2486 814 2517 de
835 2485 904 2517 inv.
927 2485 976 2522 11,
1000 2486 1051 2521 22,
1075 2487 1126 2517 65.
