1965 3015
899 143 1138 180 ..30-

396 242 531 278 Altera
550 243 674 278 oritur
693 244 882 289 quaestio,
909 254 986 290 qua
1006 242 1237 289 quaerimus,
1261 242 1330 278 ubi
1353 243 1504 279 nummi
1527 243 1608 279 sint
1630 245 1725 281 cusi.

300 298 373 335 Per
397 310 438 335 se
461 298 670 336 dicendum
707 303 769 337 est
800 299 905 337 viros
939 298 1151 336 monetales
1185 299 1338 347 saepius
1373 298 1539 347 quodvis
1573 299 1726 348 signum

297 357 468 393 nummis
492 356 737 405 insculpsisse
761 361 941 405 reeteque
956 356 1147 394 Jullienus
1167 358 1220 404 (p.
1238 359 1319 404 141)
1338 357 1505 394 adnotat
1521 360 1563 394 et
1576 357 1726 394 Romae

298 417 340 450 et
371 414 412 450 in
443 414 645 461 provincia
674 426 856 452 nummos
886 426 968 451 esse
999 425 1128 458 ousos;
1174 425 1253 458 eos,
1286 414 1427 462 quibus
1464 414 1595 458 „PRO
1627 413 1725 451 PR“

297 471 536 519 insculptum
563 475 636 515 est,
664 473 705 509 in
731 472 939 520 provinciis
964 483 1075 508 cusos
1101 483 1184 508 esse
1209 472 1325 509 dooet
1354 471 1594 518 oranter-1⁸¹„
1634 483 1725 519 ergo

298 527 353 563 illi
390 529 555 572 nummi,
596 529 663 576 qui
701 529 814 566 nobis
852 532 1007 577 praesto
1045 531 1150 572 sunt,
1189 528 1231 565 in
1269 529 1428 566 officina
1465 528 1725 576 propraetoris

298 586 501 623 cuiusdam
525 587 621 624 faeti
646 590 739 624 sunt
762 591 804 624 et
823 587 864 624 id
884 587 925 624 in
946 585 1154 634 Hispania;
1188 589 1309 633 atque
1328 586 1390 624 vir
1407 586 1547 623 doetus
1566 585 1724 630 Mowat,

299 643 408 679 ouius
444 644 681 680 mentionem
716 644 812 679 facit
849 643 1041 680 Jullienus
1078 645 1132 689 (p.
1173 645 1268 688 141),
1308 644 1374 686 „in
1410 643 1600 690 Hispania
1634 654 1723 678 eum

299 699 494 748 signatum
519 712 601 736 esse
625 699 868 737 affirmavit“
894 699 960 747 (ef.
989 702 1055 735 141
1082 699 1173 736 adn.
1198 701 1247 746 3).

395 756 556 793 Dictum
584 760 718 793 autem
746 760 807 793 est
835 757 913 794 iam
942 768 1059 804 supra
1087 757 1128 793 in
1156 759 1269 804 parte
1296 768 1434 794 aversa
1461 768 1542 793 esse
1571 756 1723 793 olavam

298 812 492 857 Herculis3
531 814 604 849 hae
630 814 671 849 in
696 825 737 849 re
762 814 904 849 faciam
930 825 1019 849 oum
1047 813 1225 861 Groagio,
1252 813 1319 860 qui
1344 814 1386 850 id
1410 817 1584 861 spectare
1608 813 1723 849 docet

297 870 348 907 ad
359 870 509 907 cultum
521 869 709 914 Herculis,
723 870 789 919 qui
804 870 978 908 Gadibus
988 869 1103 908 valde
1113 870 1280 908 florebat
1293 871 1357 918 (R.
1372 871 1419 908 E.
1435 870 1503 915 IV,
1520 870 1720 916 127010-14).

297 928 400 975 Ergo
418 928 480 964 hio
498 940 683 964 nummus
702 929 742 964 in
760 929 856 964 urbe
876 928 1088 975 Hispaniae
1106 939 1221 964 eusus
1238 931 1312 971 est,
1333 940 1452 975 quam
1473 928 1600 965 Gades
1619 929 1722 975 ipsas

296 984 414 1021 fuisse
437 996 561 1032 paene
585 997 656 1033 pro
681 988 787 1022 certo
811 985 990 1022 habeam.

398 1042 474 1079 Sed
497 1043 584 1089 quis
605 1043 684 1079 fuit
705 1042 768 1078 ille
791 1042 965 1079 Balbuste
1017 1043 1163 1080 Ganter
1188 1044 1241 1089 (p.
1267 1046 1311 1078 51
1336 1043 1427 1079 adn.
1453 1044 1488 1087 2)
1511 1042 1584 1078 hoo
1607 1042 1720 1078 dicit:

300 1098 404 1142 „Der
417 1099 486 1135 auf
498 1099 603 1135 einer
615 1098 754 1135 Miinze
768 1099 926 1136 Caesars
939 1110 1010 1135 aus
1022 1099 1112 1135 dem
1128 1099 1154 1136 J
1156 1099 1248 1134 ahre
1262 1101 1407 1135 43—42
1420 1098 1721 1135 vorkommende

297 1156 508 1203 Proprator
528 1156 675 1193 Balbus
695 1157 747 1192 ist
767 1156 825 1192 als
848 1156 1082 1193 Statthalter
1101 1157 1142 1192 in
1162 1157 1269 1202 iener
1288 1155 1372 1192 Zeit
1391 1155 1571 1203 nirgends
1590 1159 1720 1192 unter—

296 1213 548 1260 zubringen.“
610 1214 664 1249 Et
695 1213 807 1249 addit
837 1224 927 1249 eum
958 1212 1133 1256 fortasse,
1166 1224 1255 1249 eum
1285 1213 1403 1249 fuerit
1433 1211 1604 1249 Caesaris
1634 1223 1720 1260 pro·

295 1272 462 1316 praetor,
495 1270 535 1306 in
567 1269 685 1305 Italia
714 1281 896 1306 nummos
926 1269 1088 1306 audisse.
1152 1269 1237 1305 Hoc
1268 1281 1348 1306 non
1378 1270 1583 1316 aoeipiam;
1628 1281 1720 1305 nam

294 1326 360 1362 illo
381 1330 556 1373 tempore
576 1329 846 1374 propraetores
867 1326 908 1362 in
930 1325 1047 1362 Italia
1069 1337 1227 1362 munere
1247 1326 1403 1362 fimotos
1423 1336 1506 1362 esse
1526 1337 1720 1373 nusquam

293 1383 467 1431 legimus.
533 1383 603 1420 Ille
634 1383 782 1420 Balbus
813 1383 931 1431 igitur
962 1384 1002 1419 in
1035 1383 1225 1430 Hispania
1255 1386 1483 1431 propraetor
1512 1387 1609 1426 erat,
1643 1394 1721 1430 quo

294 1441 396 1477 inter
414 1441 485 1478 hos
505 1444 584 1477 tres
603 1452 738 1484 annos,
759 1441 950 1477 incertum
969 1443 1047 1484 est;
1081 1440 1158 1477 fuit
1177 1440 1238 1477 vir
1260 1440 1489 1477 Gaditanus.
1533 1440 1721 1488 Groagius

294 1501 411 1546 putat
435 1499 538 1535 huno
563 1499 690 1535 virum
715 1499 833 1535 fuisse
852 1498 1020 1534 Balbum
1045 1499 1245 1541 minorem,
1272 1498 1339 1545 qui
1363 1498 1445 1535 sine
1468 1498 1589 1534 dubio
1611 1498 1719 1534 illum

293 1566 498 1591 nummum
525 1556 646 1598 cudit,
675 1556 716 1591 in
742 1566 819 1602 quo
846 1555 1008 1603 legimus
1028 1555 1186 1599 ‚Balbus
1213 1557 1312 1602 pont
1340 1554 1482 1600 [ifex]‘;
1509 1565 1602 1591 nam
1629 1566 1718 1590 eum

295 1613 336 1649 in
367 1611 568 1659 collegium
598 1613 830 1660 pontificum
860 1615 1059 1660 receptum
1089 1623 1172 1648 esse
1202 1612 1393 1649 traditum
1423 1614 1496 1655 est,
1527 1623 1607 1648 non
1637 1623 1719 1648 esse

294 1672 493 1716 receptum
525 1669 693 1705 Balbum
723 1670 926 1712 maiorem3
972 1669 1040 1705 sed
1075 1668 1168 1716 quis
1206 1669 1320 1705 certis
1362 1669 1598 1716 argumentis
1629 1680 1718 1705 eon-

294 1725 450 1761 firmare
475 1729 606 1772 potest
630 1729 840 1772 utrumque
864 1737 1068 1762 nummum
1100 1726 1236 1761 eodem
1271 1729 1445 1772 tempore
1474 1737 1609 1761 cusum
1637 1737 1720 1762 esse

294 1786 336 1818 et
352 1782 403 1818 ab
419 1782 556 1818 eodem
572 1781 657 1818 viro
670 1782 729 1827 2²).
763 1782 967 1818 Praeterea
983 1785 1115 1818 autem
1131 1781 1240 1818 illum
1256 1792 1359 1818 anno
1376 1784 1424 1818 43
1438 1781 1545 1818 nullo
1561 1793 1719 1818 munere

294 1840 474 1876 functum
514 1850 597 1875 esse
636 1839 710 1875 nisi
752 1839 971 1885 quaestorio
1015 1839 1078 1884 (R.
1105 1839 1151 1874 E.
1178 1837 1246 1881 IV,
1282 1838 1409 1874 126915
1443 1840 1528 1884 sqq)
1564 1839 1717 1882 seimus,

293 1899 413 1943 atque
433 1895 604 1933 vidimus
625 1895 734 1933 illum
755 1907 972 1939 nummum,
995 1895 1035 1932 in
1053 1906 1131 1943 quo
1149 1894 1289 1943 legitur
1304 1893 1476 1938 „Balbus
1489 1894 1593 1932 PRO
1608 1895 1727 1939 PR“,-

291 1965 370 1990 non
399 1957 491 2000 post
526 1965 673 1989 annum
702 1956 746 1988 41
776 1964 912 1989 cusum
944 1964 1038 1988 esse.
1094 1952 1204 1988 Idem
1231 1951 1293 1988 hio
1319 1955 1547 1999 propraetor
1572 1952 1718 1988 Balbus

290 2011 419 2047 nescio
436 2022 514 2058 quo
529 2014 646 2058 paeto
657 2010 889 2047 cohaerebat
905 2021 994 2046 cum
1009 2009 1231 2053 Gaditanis3
1246 2009 1324 2046 fuit.
1339 2008 1411 2053 vir,
1428 2009 1537 2046 euius
1552 2009 1717 2046 auetori-

291 2072 353 2104 tas
384 2068 450 2104 illa
477 2072 607 2105 aetate
631 2068 810 2104 florebat.
872 2068 959 2104 Iam
983 2067 1097 2104 Balbi
1122 2067 1196 2104 illis
1225 2067 1465 2114 temporibus
1494 2067 1717 2104 muneribus

290 2125 455 2172 publicis
478 2136 560 2162 non
586 2125 849 2172 fungebantur
874 2125 948 2161 nisi
975 2125 1101 2161 minor
1126 2127 1167 2161 et
1193 2124 1317 2160 maior
1324 2136 1334 2168 ;
1362 2124 1454 2171 quia
1479 2123 1543 2160 ille
1561 2127 1717 2172 praetor

291 2194 369 2218 non
400 2183 489 2225 fuit,
529 2194 617 2218 mea
649 2183 806 2228 quidem
837 2182 1031 2218 sententia
1061 2185 1211 2218 eertum
1241 2185 1302 2218 est
1332 2181 1501 2217 Balbum
1531 2181 1716 2217 maiorem

291 2239 408 2275 fuisse
444 2238 553 2275 illum
588 2242 876 2286 propraetorem
912 2242 1276 2282 oommemoratum;
1324 2241 1478 2286 praeter
1512 2238 1584 2275 hos
1618 2238 1717 2275 duos

292 2296 365 2331 illis
385 2297 626 2343 temporibus
645 2296 710 2331 alii
730 2296 843 2331 Balbi
863 2297 902 2332 in
922 2307 963 2331 re
981 2296 1137 2343 publiea
1160 2307 1239 2332 non
1263 2299 1356 2331 sunt
1378 2296 1534 2332 versati.
1583 2296 1717 2331 Liceat

401 2381 424 2419 ι)
444 2381 481 2412 L.
503 2380 632 2412 Ganter
652 2381 738 2416 „Die
748 2380 1149 2421 Provinzialverwaltung
1165 2380 1225 2412 der
1240 2380 1468 2417 Triumvirn“‚
1487 2380 1576 2412 Diss.
1590 2381 1714 2419 Argen-

293 2434 394 2461 torat.
421 2430 514 2464 1892.
538 2439 571 2468 p.
597 2431 650 2459 47.

404 2476 429 2515 ¹)
451 2477 494 2508 R.
518 2477 559 2507 E.
582 2477 643 2512 IV,
670 2476 767 2507 1270·
778 2486 852 2516 sqq.

1950 2513 1959 2692 *„-*,„
1950 2457 1953 2459 >
1954 2377 1957 2406 *Ἀ
1951 2216 1959 2346 .-.,—-—·
