1965 3015
804 166 1046 203 -61-

309 267 591 316 Argumentum
615 279 664 304 ex
688 267 892 304 collatione
918 269 1014 314 (top.
1045 269 1101 310 10,
1128 269 1188 313 43)
1213 270 1344 303 exstat
1367 277 1439 313 pro
1464 266 1511 301 B.
1537 264 1634 308 XII,

214 326 280 362 29:
318 325 455 372 quodsi
488 325 564 360 civi
598 324 776 361 Romano
808 324 899 361 licet
930 335 1011 360 esse
1037 323 1287 367 Gaditanum,
1319 352 1327 361 .
1343 352 1352 361 .
1368 352 1376 360 .
1393 352 1401 360 .
1433 322 1527 370 quid
1560 325 1633 365 est,

213 393 333 430 quem
371 382 422 418 ob
459 392 542 417 rem
580 382 655 417 civi
696 381 891 418 Gaditano
929 382 969 418 in
1007 382 1107 418 hanc
1146 382 1347 417 civitatem
1385 381 1516 417 venire
1554 391 1634 416 non

214 439 356 476 liceat?

311 496 397 532 Iam
427 506 544 542 supra.
572 495 653 530 dixi
683 496 902 543 saepissime
931 496 1150 533 Ciceronem
1180 497 1221 532 in
1250 496 1489 532 orationibus
1518 506 1634 531 usum

213 565 296 591 esse
315 552 500 600 exemplis
517 553 613 598 (top.
634 554 691 595 10,
708 555 773 596 44;
803 553 853 589 de
867 553 947 590 inv.
963 553 997 596 I,
1015 555 1074 596 30,
1091 555 1170 599 40);
1199 554 1240 590 in
1255 554 1428 590 oratione
1443 552 1635 589 Balbiana.

214 611 275 648 his
307 610 418 657 locis:
468 609 542 651 XI,
579 611 644 651 28;
692 608 802 652 XVI,
838 612 902 653 363
951 610 1043 653 XX,
1080 612 1127 646 45
1140 621 1244 657 sqq.;
1293 610 1429 654 XXII,
1467 613 1514 646 50
1527 621 1632 657 sqq.;

214 667 375 710 XXIII,
404 669 469 709 533
508 664 658 709 XXIV,
685 668 745 702 55.

312 731 443 770 Cicero
470 732 532 777 (de
557 743 612 768 or.
638 732 693 774 H,
720 734 780 774 40,
809 734 891 777 169)
916 733 1010 768 haec
1037 733 1201 779 profert:
1241 737 1359 779 atque
1392 735 1432 770 in
1467 736 1634 780 utroque

212 801 350 838 genere
367 792 409 825 et
426 788 688 824 similitudinis
705 791 746 824 et
763 788 1084 825 dissimilitudinis
1101 789 1278 836 exempla
1295 794 1387 826 sunt
1404 802 1453 825 ex
1471 790 1634 825 aliorum

214 847 329 883 factis
358 848 429 882 aut
457 845 572 881 dictis
601 848 671 881 aut
699 845 850 881 eventis
886 873 988 882 .....
1048 845 1133 881 Hoc
1172 847 1337 882 occurrit
1374 858 1423 882 ex
1460 846 1635 882 dissimili

213 902 391 951 exemplo
409 905 680 951 argumentum
698 913 770 950 pro
788 902 835 938 B.
854 901 903 946 V,
926 905 988 946 113
1021 902 1151 940 Cicero
1169 903 1222 939 ibi
1241 904 1384 940 iratum
1403 915 1442 940 se
1460 904 1633 951 praebet,

215 961 321 1008 quod
346 960 544 996 decretum
571 960 731 1007 Pompei
757 960 1041 1007 recognoscitur
1067 972 1112 995 ac
1139 960 1334 996 confertur
1360 972 1449 996 cum
1474 961 1635 1008 legibus,

214 1021 334 1064 atque
362 1017 478 1053 affert
505 1016 726 1064 exemplum
753 1016 911 1059 Metelli,
941 1017 1008 1063 qui
1035 1029 1125 1053 cum
1152 1029 1309 1053 causam
1336 1018 1385 1053 de
1412 1017 1636 1065 repetundis

214 1075 360 1112 diceret
388 1078 429 1111 et
458 1073 616 1111 tabulae
645 1074 992 1117 circumferrentur,
1017 1086 1132 1110 nemo
1155 1074 1233 1111 fuit
1256 1075 1373 1111 iudex
1398 1075 1492 1122 quin
1515 1086 1638 1111 remo-

215 1135 325 1169 veret
349 1132 479 1168 oculos
503 1135 545 1168 et
568 1143 609 1167 se
633 1135 764 1167 totum
788 1135 993 1167 averteret.

312 1197 462 1233 Deinde
501 1197 688 1233 habemus
732 1200 961 1244 argumenta
998 1209 1047 1233 ex
1085 1197 1317 1245 negantibus
1349 1199 1445 1245 (top.
1482 1199 1537 1241 12,
1571 1200 1636 1241 493

214 1255 264 1292 de
288 1255 368 1291 inv.
386 1254 420 1297 1,
438 1256 497 1298 28,
516 1256 577 1300 42)
608 1266 680 1301 pro
695 1254 741 1290 B.
760 1254 868 1297 XIV,
888 1257 953 1291 32:
985 1255 1134 1302 (quodsi
1157 1256 1334 1302 exceptio
1349 1255 1468 1291 —ibi
1483 1266 1637 1291 necesse

214 1315 275 1348 est
291 1311 437 1357 licere);
463 1311 674 1347 identidem
688 1311 781 1354 XX,
798 1314 857 1354 45,
875 1311 943 1348 ubi
960 1312 1123 1358 quaerit,
1137 1323 1232 1348 num
1248 1312 1371 1359 possit
1385 1312 1429 1347 L.
1440 1311 1636 1349 Cornelius

214 1368 474 1411 condemnari,
502 1371 548 1404 ut
574 1380 653 1404 non
682 1369 722 1405 O.
751 1369 848 1404 Mari
876 1369 1024 1404 factum
1052 1369 1340 1405 condemnetur.
1397 1368 1501 1405 Illud
1527 1369 1635 1416 prius

214 1425 435 1473 exemplum
480 1429 610 1473 potest
657 1425 787 1461 referri
841 1426 961 1462 etiam
1008 1426 1059 1462 ad
1106 1429 1334 1473 argumenta
1380 1437 1428 1462 ex
1473 1427 1632 1462 minore.

219 1483 358 1520 Rohde
386 1485 467 1518 100.

316 1549 536 1596 simplicem
555 1549 836 1585 conclusionem
855 1549 1042 1585 habemus
1058 1561 1092 1585 e.
1112 1561 1149 1597 g.
1169 1561 1240 1596 pro
1261 1549 1308 1585 B.
1328 1549 1424 1592 XII,
1446 1552 1505 1592 29,
1529 1549 1635 1596 quod

214 1606 434 1653 exemplum
462 1607 582 1641 etiam
610 1606 651 1641 in
680 1609 908 1653 argumenta
935 1617 984 1641 ex
1013 1606 1331 1642 antecedentibus
1362 1608 1459 1653 (top.
1486 1608 1543 1649 12,
1575 1608 1634 1651 53)

215 1674 327 1710 posse
350 1662 467 1710 recipi
490 1665 594 1702 recte
618 1662 819 1698 contendit
844 1663 982 1698 Rohde
1008 1664 1097 1708 (98).

311 1729 594 1776 Argumentum
622 1740 671 1764 ex
701 1729 848 1765 minore
876 1750 928 1755 —
955 1729 1028 1765 hoc
1058 1732 1119 1765 est
1148 1732 1420 1776 argumentum
1449 1740 1499 1765 ex
1527 1732 1636 1765 ante-

216 1785 442 1822 cedentibus
487 1785 625 1822 Rohde
663 1787 750 1831 (100
783 1797 823 1821 v.
861 1788 922 1831 88)
957 1806 1008 1812 —
1040 1786 1229 1822 habemus
1263 1787 1512 1822 coniunctum
1545 1798 1637 1822 cum

215 1845 443 1890 argumento
464 1853 514 1878 ex
535 1843 728 1879 contrario
752 1843 846 1886 ‚,ita,
869 1846 916 1879 ut
937 1842 1131 1879 concluiso
1150 1842 1226 1879 fiat
1247 1843 1298 1880 ab
1319 1855 1378 1886 eo,
1402 1843 1507 1890 quod
1529 1847 1637 1880 ante-

130 1917 140 1927 ·
215 1900 331 1942 cedit,
357 1900 408 1935 ad
432 1900 485 1942 id,
512 1900 617 1946 quod
641 1900 842 1945 sequitur“
869 1900 1022 1945 (Rohde
1050 1902 1131 1945 100)
1155 1911 1227 1946 pro
1251 1900 1298 1935 Β.
1323 1899 1432 1942 XIV,
1460 1902 1519 1935 32.

311 1965 595 2013 Argumentum
634 1976 684 2001 ex
723 1966 1028 2013 repugnantibus
1060 1967 1156 2014 (top.
1189 1965 1283 2009 XII,
1316 1968 1375 2012 53)
1405 1969 1536 2002 exstat
1565 1977 1637 2013 pro

214 2023 263 2060 Β.
293 2023 341 2067 V,
375 2026 436 2060 13:
480 2024 583 2059 hunc
613 2023 818 2070 quisquam
845 2044 897 2050 —
923 2023 1049 2060 dicere
1077 2024 1264 2060 audebit?
1294 2045 1345 2049 —
1372 2023 1446 2059 Hic
1482 2035 1636 2069 quoque

216 2080 411 2117 conclusio
439 2080 488 2116 fit
518 2092 542 2116 a
565 2080 712 2116 minore
736 2079 788 2116 ad
807 2080 950 2117 maius:
984 2092 1056 2129 pro
1075 2080 1123 2118 B.
1144 2080 1192 2124 V,
1218 2082 1278 2117 12:
1313 2079 1409 2118 Cum
1433 2079 1566 2117 Graeci
1586 2101 1638 2107 --

216 2138 510 2174 dubitabimus?
572 2137 642 2180 VI,
675 2140 736 2173 14:
787 2138 836 2173 Id
871 2139 989 2185 igitur
1025 2139 1230 2185 quisquam
1255 2159 1305 2164 —
1338 2166 1346 2174 .
1362 2165 1371 2174 .
1387 2165 1395 2174 .
1411 2165 1420 2173 .
1463 2149 1503 2172 se
1539 2138 1635 2172 scire

217 2194 493 2241 prosimu-ntum
550 2196 595 2229 16
627 2191 743 2230 Cuius
783 2194 901 2241 igitur
927 2215 979 2221 —
1005 2205 1101 2231 voce
1140 2194 1329 2237 laedetur;
1379 2192 1536 2237 XXIII,
1569 2196 1633 2230 54:

215 2251 279 2289 An
301 2250 433 2299 lingua
455 2272 507 2278 —
528 2254 570 2287 et
593 2251 741 2288 virtute
763 2263 843 2288 non
866 2253 1009 2299 potuit.

314 2316 519 2360 „Plurimis
543 2320 675 2353 autem
698 2316 792 2353 locis
814 2328 864 2353 ex
887 2317 1014 2361 rebus,
1041 2329 1140 2365 quae
1163 2321 1370 2353 eventurae
1394 2319 1498 2360 sunt,
1524 2328 1635 2364 argu-

216 2377 351 2411 menta
389 2373 623 2410 sumuntur“
662 2373 801 2410 Rohde
843 2375 964 2422 115s6.
1027 2375 1085 2412 Cf.
1116 2386 1186 2421 pro
1217 2374 1263 2410 B.
1295 2374 1368 2416 IX,
1401 2376 1465 2409 22:
1511 2374 1635 2419 atqui,

216 2431 248 2467 si
271 2430 480 2468 carendum
503 2430 615 2466 nobis
641 2431 715 2466 erit
722 2441 732 2473 ;
778 2430 932 2474 XVIII,
956 2435 1022 2467 41:
1066 2430 1210 2475 Quodsi
1234 2430 1337 2466 Afris
1357 2451 1408 2456 —
1428 2441 1510 2466 esse
1534 2430 1635 2466 arbi-

215 2487 437 2525 trabuntur.
