1965 3015
741 125 1039 161 ‹-15-

207 224 375 269 videtur,
399 237 491 264 nam
516 238 647 264 mense
669 226 793 274 Aprili
816 226 908 264 anni
934 228 981 263 53
1005 238 1094 263 eum
1119 226 1228 263 brevi
1251 228 1342 273 post
1365 224 1632 273 profecturum

211 293 294 320 esse
329 283 381 321 ad
417 282 642 321 Trebatium
667 284 797 321 Cicero
834 284 987 331 scripsit
1025 283 1091 329 (ad
1140 283 1234 320 fam.
1261 283 1351 326 VII,
1383 285 1440 326 18,
1468 285 1491 319 3
1514 302 1566 308 —
1589 280 1631 317 d.

213 342 237 376 8
259 351 343 389 apr.
370 341 473 388 63)1).
916 364 919 366 -

303 398 437 436 Liceat
467 399 563 435 mihi
593 399 719 436 obiter
749 399 822 436 hoe
854 398 940 435 loco
971 410 1165 446 quaerere,
1197 401 1331 434 utrum
1363 397 1510 434 Balbus
1541 400 1629 432 tum

205 453 324 492 fuerit
348 459 419 493 aut
443 459 598 493 senator
622 459 692 493 aut
717 457 875 493 omnino
899 455 1030 503 aliquo
1048 466 1205 492 munere
1224 455 1379 502 publico
1398 454 1558 490 functus
1576 453 1630 489 sit

205 522 337 549 necne.
385 513 429 550 L.
455 511 672 550 Cornelium
696 516 938 559 quaestorem
961 512 1079 549 fuisse
1101 524 1294 559 nusquam
1318 512 1479 559 legimus
1501 521 1630 557 neque

206 572 434 608 senatorem.
492 569 628 618 Neque
655 570 720 606 illa
748 569 851 608 Caeli
879 569 1046 617 epistula
1076 569 1142 615 (ad
1168 569 1262 606 fam.
1292 569 1405 612 VIII,
1440 571 1496 611 11,
1527 570 1550 603 2
1577 587 1630 595 —-

205 626 285 664 iun.
310 629 372 673 50)
392 628 568 664 resistere
589 628 684 664 mihi
706 628 873 670 videtur,
896 627 970 665 etsi
992 627 1279 663 concedendum
1301 630 1362 663 est
1384 624 1556 663 Caelium
1578 625 1629 660 de

204 695 386 721 concessu
415 684 584 731 quodam
611 687 768 722 senatus
792 684 932 721 referre
938 695 949 728 ;
977 687 1110 721 tamen
1137 695 1208 732 ego
1235 686 1372 731 putem
1400 682 1511 719 illum
1537 682 1629 718 huic

204 742 400 778 eoncessui
418 754 498 778 non
517 746 564 778 ut
584 746 800 779 senatorem
820 742 1049 784 interfuisse,
1071 741 1140 778 sed
1158 742 1289 789 potius
1308 745 1355 777 ut
1376 742 1628 787 interpretem

204 797 387 842 Caesaris,
410 799 519 835 cuius
542 810 724 846 „operam
745 802 865 846 atque
887 798 1173 842 sedulitatem“,
1197 809 1275 845 qua
1297 798 1452 835 Curioni
1474 796 1629 834 Caesari

203 855 439 892 obtrectanti
462 856 620 899 restitit,
643 855 758 892 valde
781 856 917 892 laudat
941 854 1103 893 Caelius.
1160 855 1366 898 Quaeritur
1389 866 1506 897 nunc,
1530 865 1627 889 num

204 914 361 948 senatus
388 923 588 949 concessus
614 912 760 948 fuerint
785 911 930 959 publici
956 912 1156 948 licueritne
1179 912 1235 947 eis
1260 922 1426 957 quoque,
1457 911 1524 957 qui
1547 921 1630 946 non

203 968 439 1015 amplissimo
480 970 693 1006 intererant
734 969 874 1012 ordini,
915 969 1048 1005 adesse
1080 968 1323 1004 sessionibus
1389 968 1449 1003 De
1480 968 1553 1003 han
1585 978 1628 1002 re

202 1023 463 1063 Mommsenus
479 1026 608 1072 (Rom.
627 1025 790 1063 Staatsr.
807 1025 901 1068 111²,
919 1025 1044 1073 931s2)
1059 1025 1239 1061 certiores
1253 1035 1325 1060 nos
1339 1024 1447 1060 facit.
1477 1022 1629 1070 Templi

202 1082 435 1119 Concordiae
459 1082 560 1119 fores
585 1082 870 1129 aperiebantur,
895 1094 985 1118 cum
1009 1085 1205 1118 senatores
1230 1082 1499 1124 convenirent3
1527 1091 1630 1123 „wer

201 1139 271 1176 aui
291 1138 381 1175 dem
404 1138 589 1186 Vorplatz
611 1139 728 1175 stand
751 1138 845 1175 oder
866 1138 949 1181 sass,
972 1138 1120 1175 konnte
1142 1138 1203 1174 bis
1225 1150 1274 1174 zu
1296 1138 1422 1173 einem
1445 1138 1628 1185 gewissen

205 1195 332 1233 Grada
354 1195 430 1231 den
452 1194 776 1242 Verhandlungen
798 1195 954 1243 folgen“
978 1194 1207 1241 (Mommsen
1232 1198 1300 1231 931
1325 1195 1416 1230 adn.
1442 1196 1491 1240 2).
1537 1194 1628 1230 Non

202 1251 383 1289 omnibus
421 1251 532 1288 licuit
572 1255 730 1288 senatus
769 1252 953 1289 interesse
992 1244 1203 1295 consessui;
1257 1251 1500 1299 privilegium
1541 1254 1627 1287 erat

200 1312 440 1347 reservatum
473 1321 563 1347 cum
596 1309 803 1357 nepotibus
836 1309 1003 1357 filiisque
1037 1312 1259 1346 senatorum
1296 1308 1485 1355 (Valerius
1518 1308 1625 1345 Max.

201 1368 238 1409 2,
261 1369 293 1409 1,
314 1365 392 1413 9)¹),
411 1370 497 1403 tum
514 1366 681 1403 tribunis
697 1366 820 1413 plebis
839 1366 938 1412 (Val.
957 1366 1061 1403 Max.
1081 1366 1136 1409 H,
1157 1368 1191 1409 2,
1213 1369 1247 1402 7.
1283 1367 1420 1402 Zonar.
1441 1369 1476 1409 7,
1500 1369 1556 1401 15.
1574 1386 1626 1392 —-

201 1422 259 1460 Of.
294 1423 418 1461 St.—R.
452 1423 507 1466 H,
541 1425 639 1469 294),
680 1435 769 1460 cum
810 1424 935 1471 ipsam
976 1424 1123 1460 curiam
1164 1424 1307 1460 intrare
1336 1435 1416 1459 non
1446 1426 1623 1470 possent;

202 1480 410 1523 „wahrend
421 1491 463 1515 es
473 1491 548 1516 nur
559 1481 599 1516 in
611 1491 709 1527 ganz
721 1480 1104 1516 ausserordentliehen
1116 1480 1249 1516 Fallen
1261 1479 1624 1527 Nichtmitgliedern

199 1539 388 1585 gestattet
406 1548 486 1574 war
502 1537 542 1574 in
560 1537 630 1573 der
647 1537 757 1574 Curie
774 1540 891 1574 unter
906 1537 983 1574 den
1003 1537 1216 1575 Senatoren
1234 1536 1345 1574 Platz
1363 1549 1413 1573 zu
1429 1535 1624 1573 nehmen“

201 1592 430 1638 (Mommsen
448 1605 487 1640 p.
504 1596 602 1639 932).
638 1594 754 1630 Cuius
775 1595 830 1629 rei
848 1595 1017 1630 Zonaras
1045 1598 1081 1637 9,
1109 1596 1155 1629 27
1181 1594 1343 1640 praebet
1368 1593 1624 1640 exemplum):

199 1646 268 1685 Kal
304 1646 417 1690 αὐτός
457 1648 520 1697 [sc.
556 1647 728 1698 Σκηπίων]
762 1664 798 1685 τε
829 1649 987 1697 ἐπῃνεῖτο
1015 1647 1080 1685 καὶ
1112 1648 1132 1684 ὁ
1156 1647 1304 1695 Φαμέας
1341 1648 1502 1696 τετίμητο
1540 1645 1626 1689 οἵῳ-τε

199 1704 265 1743 καὶ
295 1706 335 1742 ἐν
363 1706 413 1751 τῷ
436 1704 676 1752 βουλευτηρίῳ
706 1706 982 1753 συγκαθῆσὲιαι
1015 1706 1059 1754 τῇ
1089 1704 1282 1753 γερουσίᾳ.
1336 1707 1411 1751 Qui
1435 1707 1627 1743 Phameae

198 1766 284 1799 erat
316 1763 457 1799 nobilis
484 1764 601 1799 homo
630 1763 968 1811 Carthaginiensis,
995 1765 1061 1810 qui
1093 1764 1233 1800 ultimo
1262 1764 1364 1799 bello
1395 1764 1542 1799 Punico
1574 1764 1627 1799 ad

201 1820 467 1859 Romanorum
497 1824 629 1869 partes
655 1824 916 1870 transgressus
950 1825 1048 1859 erat.
1101 1821 1196 1866 Quis
1230 1824 1302 1866 est,
1340 1821 1434 1869 quin
1470 1820 1627 1858 dubitet

199 1878 337 1922 Balbo,
373 1879 440 1926 qui
464 1879 734 1915 honestissimo
758 1879 842 1915 loeo
866 1883 984 1916 natus
1008 1883 1092 1915 erat
1117 1881 1157 1915 in
1181 1880 1277 1915 urbe
1298 1883 1430 1915 vetere
1453 1879 1626 1915 amicitia

199 1948 289 1974 cum
320 1936 465 1984 populo
501 1936 679 1973 Romano
729 1937 1053 1979 coniunctissima,
1085 1937 1152 1983 qui
1176 1936 1307 1973 omnia
1337 1936 1508 1973 Caesaris
1537 1939 1624 1972 tum

198 1992 499 2029 administrabat
529 1993 815 2039 honoribusque
847 1994 898 2028 ab
928 2004 974 2028 eo
1005 1993 1251 2028 afficiebatur
1281 2004 1400 2038 quam
1430 1993 1623 2034 maximis,

200 2048 267 2096 qui
308 2048 387 2085 iam
428 2048 567 2096 viginti
608 2048 688 2085 fere
732 2060 854 2085 annos
896 2049 1161 2084 Romanorum
1204 2051 1336 2095 partes
1375 2049 1623 2095 sequebatur,

198 2105 364 2142 eundem
405 2106 591 2142 honorem
633 2116 714 2141 esse
757 2117 992 2148 concessum,
1038 2106 1264 2153 praesertim
1304 2117 1393 2142 cum
1432 2118 1457 2141 a
1494 2106 1623 2142 Roma

199 2162 351 2199 abesset
394 2160 533 2199 Caesar
546 2190 556 2205 ,
607 2162 717 2198 euius
765 2163 920 2210 negotia
969 2162 1031 2198 ille
1076 2163 1260 2211 gerebat?
1313 2162 1459 2198 Balbus
1504 2163 1624 2209 igitur

198 2222 414 2256 senatorem
464 2219 657 2256 consessui
707 2219 889 2256 interesse
928 2220 1059 2267 potuit
1073 2248 1081 2263 ,
1134 2220 1286 2257 etiamsi
1324 2219 1498 2256 nondum
1537 2223 1624 2256 erat

199 2280 366 2319 senator,
408 2288 457 2313 ne
496 2288 599 2312 anno
643 2279 690 2312 49
733 2277 902 2324 quidem,
960 2278 1001 2313 id
1043 2277 1148 2324 quod
1190 2277 1358 2324 intellegi
1399 2280 1531 2325 potest
1573 2289 1622 2312 ex

306 2362 329 2400 ¹)
350 2362 423 2401 Ego
433 2362 599 2397 teBalbo‚
616 2363 823 2395 cumadvoe
831 2362 1077 2403 proficiscatur,
1093 2372 1187 2393 more
1196 2363 1353 2392 Romano
1363 2362 1621 2393 commendabo.

305 2410 330 2448 ⁸)
350 2410 401 2440 Cf.
417 2409 536 2441 etiam:
558 2410 632 2441 Liv.
652 2410 703 2446 11,
721 2412 779 2446 48,
797 2412 852 2448 10;
868 2411 989 2446 XXII,
1009 2412 1061 2446 59,
1080 2412 1129 2441 16.
1170 2411 1236 2441 Cic.
1257 2410 1330 2441 Cat.
1347 2410 1407 2445 IV,
1425 2411 1455 2446 2,
1473 2411 1547 2441 3de
1559 2410 1621 2440 Cn.

200 2458 323 2489 Pisone
345 2457 457 2497 Frugi,
481 2458 540 2498 qui
561 2460 638 2489 tum
658 2459 814 2491 nondum
833 2462 908 2490 erat
930 2462 1099 2500 quaestor.
