1965 3015
934 516 1147 577 Vita.

401 741 405 746 .
428 712 523 759 Ego,
568 711 757 748 Ernestus
801 712 990 749 Ricardus
1034 713 1199 749 Ioannes
1242 713 1394 755 Kadou,
1437 715 1548 760 patre
1591 712 1759 748 Ernesto

329 768 498 804 Ricardo
533 772 658 805 matre
694 769 792 816 Olga
826 769 1003 805 Carolina
1037 781 1058 804 e
1092 773 1207 816 gente
1242 770 1476 817 Bamberger
1514 772 1632 805 natus
1669 780 1755 804 sum

330 826 534 863 Zvicaviae
560 838 596 862 a.
623 826 662 862 d.
683 827 774 863 VII.
796 826 886 862 Kal.
906 826 1005 873 Aug.
1032 827 1198 873 proximi
1222 826 1363 863 saeculi
1389 838 1491 863 anno
1510 825 1756 863 LXXXVII.

329 883 438 918 Fidei
461 883 642 918 addictus
665 895 750 918 sum
772 883 1026 930 evangelicae.
1075 882 1300 919 Studiorum
1322 883 1521 920 elementis
1542 895 1605 919 me
1626 883 1757 919 dedidi

329 951 398 986 per
426 943 614 986 quattuor
640 952 762 977 annos
790 940 942 986 Lipsiae
968 943 1009 975 et
1036 940 1315 982 Ghemnitziae3
1355 951 1425 987 per
1450 951 1592 976 novem
1617 940 1758 976 deinde

330 1008 452 1032 annos
494 997 739 1042 frequentavi
781 997 983 1043 gymnasia
1024 997 1129 1043 regia
1169 997 1486 1039 Chemnitzieuse,
1529 996 1756 1038 Dresdense,

330 1054 538 1101 Lipsiense,
572 1054 640 1090 ubi
674 1066 776 1090 anno
806 1056 897 1090 1907
932 1053 1156 1090 Bernhardo
1184 1054 1305 1091 Gerth
1337 1057 1485 1090 rectore
1518 1054 1759 1090 maturitatis

332 1114 532 1146 assecutus
557 1123 643 1147 sum
668 1112 947 1147 testimonium.

430 1169 588 1205 Civibus
601 1168 831 1205 academicis
844 1169 1023 1206 addictus
1037 1169 1093 1205 fui
1107 1180 1175 1216 per
1188 1181 1310 1206 unum
1324 1173 1505 1206 semestre
1518 1168 1757 1212 Monachiae,

330 1238 399 1272 per
425 1227 504 1261 duo
530 1227 695 1272 Lipsiae,
722 1238 792 1273 per
818 1238 933 1273 quem
960 1239 1105 1262 annum
1132 1227 1325 1273 stipendia
1351 1227 1558 1269 merebam,
1585 1237 1653 1274 per
1678 1226 1757 1262 duo

334 1283 478 1325 (fissae,
498 1294 567 1330 per
585 1283 662 1319 tria
682 1283 862 1319 Berolini.
902 1283 999 1319 Vere
1018 1284 1110 1320 anni
1134 1286 1223 1319 1911
1249 1284 1399 1320 Gissam
1418 1295 1592 1320 reversus
1611 1283 1759 1320 ultimis

334 1340 473 1376 studiis
497 1352 560 1376 me
584 1340 727 1376 dedidi.

428 1397 654 1432 Docuerunt
680 1408 741 1432 me
767 1397 806 1432 hi
833 1397 906 1432 viri
931 1397 1161 1433 doctissimi:

428 1462 469 1498 M
483 1475 506 1498 0
520 1476 546 1498 11
562 1475 585 1498 a
600 1475 619 1498 c
634 1475 655 1498 e
670 1476 697 1499 n
712 1475 729 1498 s
743 1475 764 1498 e
780 1475 814 1499 s:
846 1463 1013 1506 (Ji-usius,
1032 1463 1307 1511 Furtwangler,
1325 1464 1606 1506 Krumbacher,
1624 1464 1756 1510 Lipps,

331 1521 440 1564 Otto,
466 1520 515 1556 de
541 1520 771 1563 Pfihlmann,
798 1520 978 1557 Vollmer.

430 1587 462 1622 L
476 1587 488 1622 i
503 1598 529 1634 p
545 1598 562 1622 s
577 1587 589 1622 i
603 1598 625 1621 e
638 1599 665 1623 n
680 1598 698 1622 s
712 1599 733 1623 e
748 1599 783 1623 s:
824 1588 996 1630 Richter,
1026 1588 1244 1624 Schneider.

433 1654 751 1689 Gissenses:
799 1653 1006 1701 Behaghel,
1043 1654 1177 1697 Groos,
1211 1653 1355 1697 HaHer,
1389 1654 1586 1697 Immisch,
1619 1654 1757 1696 Kame,

331 1711 495 1757 Krstger,
521 1711 675 1753 Messer,
705 1711 835 1753 Sauer,
865 1711 1038 1754 Siebeck,
1066 1711 1216 1754 Strack,
1246 1712 1338 1754 Sfiss,
1365 1711 1511 1748 Walde.

431 1777 858 1812 Berolinenses:
915 1777 1055 1820 'Diels,
1120 1777 1315 1819 Hamack,
1380 1778 1524 1819 Lesser,
1588 1770 1756 1819 Meister,

331 1834 377 1869 E.
413 1833 556 1880 Meyer,
591 1834 635 1868 P.
671 1833 722 1869 M.
758 1833 900 1880 Meyer,
935 1833 1104 1876 Norden,
1140 1834 1320 1876 Preuner,
1355 1834 1556 1881 Roediger,
1592 1834 1756 1876 Roethe,

330 1891 376 1927 E.
439 1890 629 1933 Schmidt,
691 1890 845 1938 Sieglin,
908 1890 1076 1933 Simmel,
1136 1890 1321 1933 Wentzel,
1379 1891 1428 1926 de
1486 1890 1757 1927 Wilamowitz-

329 1947 610 1990 Moellendorff,
640 1947 826 1984 Wclfflin.

427 2005 500 2041 Per
541 2005 617 2041 tria
658 2006 858 2041 semestria
892 2004 1117 2042 Monachiae
1158 2008 1199 2041 et
1243 2005 1375 2042 Gissae
1416 2005 1758 2042 exercitationibus

329 2063 593 2108 proseminarii
630 2062 848 2109 philologici
886 2063 1043 2098 interfui
1077 2062 1368 2098 moderantibus
1404 2062 1479 2098 illic
1517 2062 1661 2098 Ottone
1696 2061 1758 2097 hic

330 2119 552 2154 Immischio
585 2123 627 2155 et
661 2119 862 2161 Koertei0;
905 2131 973 2165 per
1009 2122 1196 2166 quattuor
1233 2119 1430 2154 semestris,
1468 2119 1534 2161 eis,
1573 2130 1672 2166 quae
1706 2119 1757 2154 ad

330 2175 462 2211 stilum
492 2176 676 2212 Latinum
711 2176 784 2211 rite
823 2176 1076 2212 excolendum
1116 2177 1323 2222 pertinent.
1386 2176 1553 2211 Berolini
1582 2188 1651 2222 per
1680 2176 1757 2211 tria

330 2233 529 2267 semestris.
560 2232 701 2268 sodalis
727 2243 833 2267 eram
859 2233 1028 2268 instituti
1054 2232 1167 2275 illius,
1206 2232 1310 2279 quod
1335 2232 1594 2279 Antiquitatis
1618 2231 1758 2269 studiis

331 2290 505 2325 dicatum
530 2294 601 2331 est,
626 2301 695 2336 per
719 2290 887 2336 primum
913 2294 1094 2326 semestre
1120 2293 1319 2337 praeterea
1346 2289 1402 2325 fui
1428 2290 1467 2325 in
1492 2289 1756 2337 proseminarii

330 2346 547 2394 philologici
573 2347 766 2394 superiore
792 2358 918 2389 cursu,
951 2348 1012 2383 cui
1037 2351 1123 2383 tum
1149 2346 1350 2383 Meisterus
1374 2351 1562 2394 praeerat.
1605 2347 1757 2384 Gissam

328 2415 503 2439 reversus
534 2415 603 2451 per
644 2416 766 2439 unum
809 2415 954 2439 annum
996 2404 1137 2439 sodalis
1177 2415 1282 2439 eram
1313 2404 1528 2440 ordinarius
1553 2403 1757 2451 superioris

329 2473 461 2497 cursus
481 2462 674 2497 seminarii
693 2460 912 2508 philologici
932 2461 1153 2497 Immischio
1173 2461 1433 2508 Koerteioque
1453 2460 1755 2497 moderantibus.
