1965 3015
770 198 1010 235 -27-

273 297 388 335 Hunc
421 298 462 335 in
493 297 621 335 locum
652 299 913 347 fragmentum
945 310 995 335 ex
1027 297 1193 346 epistula
1227 297 1410 345 quadam,
1443 297 1484 334 in
1518 307 1598 344 qua

175 353 305 392 Cicero
328 354 378 392 de
403 354 527 393 Balbo
552 356 716 405 scripsit,
752 368 832 394 non
856 356 995 393 dubito
1021 355 1115 404 quin
1140 356 1374 393 trahendum
1398 355 1462 399 sit,
1490 354 1596 402 quod

173 411 313 460 legitur
336 413 442 460 apud
465 413 636 450 Nonium
659 413 895 455 Marcellum.
971 428 973 430 ·

429 469 651 507 Dicare:
705 469 883 507 Tradere.
977 469 1030 506 M.
1071 468 1218 506 Tullius
1258 470 1298 506 in
1338 469 1502 517 epistola
1542 467 1594 505 ad

317 527 517 564 Caesarem
537 527 605 563 lib.
629 527 651 563 Ι
675 528 737 573 (fr.
762 530 816 573 2):
853 527 1021 563 Balbum
1055 527 1192 573 quanti
1225 527 1365 562 faciam
1399 537 1594 573 quamque

317 585 353 620 ei
377 595 439 620 me
462 587 593 620 totum
616 584 825 620 dicaverim
849 595 899 620 ex
922 584 1007 631 ipso
1031 583 1138 619 scies.

268 640 380 684 Quod
414 641 466 677 ad
499 640 602 677 idem
636 644 791 688 tempus
824 641 963 677 referre
997 640 1112 676 video
1149 640 1419 686 Gurlittium¹)‚
1455 652 1480 676 a
1515 651 1593 686 quo

172 697 352 735 dissentit
380 696 647 743 Muenzerusss),
692 697 759 745 qui
798 701 931 734 tamen
961 697 1055 744 quin
1084 697 1182 733 falso
1211 698 1251 733 id
1281 698 1321 734 in
1350 708 1473 734 annos
1504 696 1593 744 54l3

172 754 313 791 referat
343 766 423 791 non
454 754 604 791 dubito.
669 755 772 792 Nam
803 767 893 791 cum
924 754 1063 792 Caesar
1093 766 1172 791 non
1204 755 1408 802 ignoraret,
1443 757 1593 801 quanta

172 810 301 849 Cicero
318 811 442 847 Balbo
458 811 628 855 deberet,
645 812 870 859 praesertim
887 823 976 847 cum
992 815 1034 847 et
1050 812 1132 858 ipse
1148 812 1192 847 L.
1211 812 1427 848 Cornelium
1445 811 1592 858 optime

171 871 314 912 nosset,
351 868 445 915 quid
469 867 535 904 illa
558 868 724 916 epistula
748 867 1068 905 commendaticia
1092 879 1189 915 opus
1213 869 1324 904 erat?
1376 868 1431 904 At
1455 871 1592 904 contra

171 925 255 961 luce
284 924 422 962 clarius
451 925 546 961 mihi
574 936 656 961 esse
684 925 840 962 videtur
867 925 1087 962 Ciceronem
1112 925 1284 962 Caesaris
1311 924 1394 960 filio
1423 924 1592 961 amicum

169 981 362 1018 nonnullis
378 982 506 1018 verbis
523 982 813 1018 benevolentiae
831 982 955 1029 plenis
970 981 1276 1024 commendasse;
1305 993 1399 1017 nam
1413 981 1593 1028 quamvis

171 1038 233 1074 ille
261 1039 454 1086 quomodo
481 1037 611 1076 Cicero
638 1039 852 1086 Caesarque
884 1042 997 1086 pater
1028 1041 1205 1075 mortuus
1234 1038 1349 1074 huius
1376 1038 1436 1074 usi
1463 1041 1592 1074 essent

171 1095 314 1131 auxilio
346 1107 426 1132 non
459 1096 664 1143 ignoraret,
709 1096 867 1132 minime
901 1106 1228 1160 supervacaneam
1262 1098 1382 1141 atque
1415 1094 1592 1131 inutilem

170 1151 276 1188 illam
300 1152 401 1189 duco
425 1152 632 1200 epistulam
656 1152 711 1188 eis
735 1152 975 1200 temporibus
1000 1152 1170 1195 missam,
1202 1151 1344 1199 quibus
1369 1163 1393 1188 a
1417 1151 1592 1199 plurimis

170 1209 381 1246 sententias
397 1213 601 1256 tamquam
616 1210 851 1247 vestimenta
867 1212 1042 1246 mutatas
1057 1220 1140 1245 esse
1156 1209 1258 1246 inter
1274 1220 1406 1245 omnes
1423 1213 1590 1253 constat,

170 1265 205 1301 ei
243 1265 386 1308 iuveni,
425 1266 531 1313 apud
569 1277 684 1313 quem
723 1277 855 1302 omnes
892 1266 1187 1303 diiudicationes
1224 1266 1365 1301 summi
1403 1260 1591 1302 momenti

169 1322 322 1358 futuras
343 1333 425 1358 esse
447 1322 619 1370 plerique
640 1323 848 1370 putabant,
872 1322 934 1359 cui
957 1322 1009 1358 M.
1028 1321 1196 1359 Tullium
1218 1326 1441 1370 pergratum
1463 1323 1589 1359 facere

169 1379 210 1415 in
228 1379 358 1415 animo
375 1379 554 1415 habuisse
577 1382 687 1426 puto.
725 1380 787 1415 Ex
803 1380 859 1415 eis
876 1380 1005 1426 igitur,
1026 1391 1125 1426 quae
1143 1379 1271 1422 attuli,
1291 1380 1386 1415 satis
1403 1391 1588 1426 apparere

169 1435 264 1471 mihi
279 1434 435 1472 videtur
449 1435 554 1471 illam
570 1435 776 1483 epistulam
792 1447 895 1473 anno
912 1439 960 1471 44
983 1448 1008 1472 a
1024 1435 1203 1473 Cicerone
1218 1447 1305 1472 esse
1316 1436 1586 1484 conscriptam,

168 1492 258 1528 licet
290 1504 378 1528 cum
409 1491 612 1529 Muenzero
643 1493 722 1529 fere
753 1493 1014 1529 consenserint
1045 1491 1232 1540 Tyrellius
1263 1497 1304 1529 et
1336 1490 1486 1537 Purser,
1520 1494 1587 1541 qui

169 1549 263 1585 haec
284 1549 618 1596 adnotaverunffl:
655 1550 857 1597 „Possibly
876 1551 945 1586 the
964 1550 1080 1586 letter
1099 1550 1200 1586 from
1221 1550 1351 1587 Cicero
1371 1554 1415 1586 to
1435 1549 1587 1594 Caesar,

169 1605 293 1642 which
321 1606 353 1642 is
380 1606 502 1643 found
529 1607 569 1643 in
596 1607 746 1644 Nonius
774 1610 858 1651 287,
889 1610 948 1650 25,
976 1619 1069 1655 may
1095 1608 1196 1644 have
1223 1607 1321 1643 been
1348 1608 1517 1655 brought
1544 1611 1588 1644 to

169 1661 308 1701 Caesar
329 1663 385 1711 by
408 1663 555 1701 Balbus
579 1665 619 1701 in
643 1676 716 1701 one
740 1664 781 1701 of
803 1665 913 1701 these
936 1664 1158 1712 journeys“.

264 1720 354 1758 Non
385 1721 553 1758 multum
584 1722 968 1769 praetermittebatur
998 1722 1196 1769 temporis,
1229 1734 1318 1758 cum
1351 1722 1589 1759 Octavianus

168 1790 247 1814 una
275 1790 364 1814 cum
393 1778 517 1815 Balbo
545 1779 598 1815 M.
628 1777 809 1822 Tullium,
838 1800 888 1805 —
916 1779 1074 1815 minime
1102 1790 1252 1826 semper
1279 1780 1380 1827 grati
1408 1783 1520 1816 erant
1547 1784 1589 1816 et

168 1834 318 1882 accepti
349 1855 401 1861 —
433 1846 546 1882 saepe
579 1835 758 1872 visitaret
790 1836 962 1872 Puteolis
995 1839 1114 1883 atque
1147 1834 1290 1879 Cumis,
1326 1848 1403 1883 quo
1438 1836 1589 1874 Hirtius

169 1903 323 1939 quoque
347 1895 388 1928 et
412 1892 540 1929 Pansa
563 1893 794 1939 venerant⁴).

265 1949 433 1986 Balbum
467 1949 593 1986 filium
627 1950 810 1994 Caesaris,
846 1962 935 1987 eum
969 1951 1136 1986 Romam
1171 1950 1245 1986 iter
1278 1949 1434 1993 faceret,
1470 1951 1586 1987 comi-

167 2009 309 2050 tatum,
345 2007 522 2053 quamvis
555 2006 608 2043 M.
643 2006 767 2043 Tullio
801 2007 953 2054 saepius
986 2008 1159 2043 mitteret
1191 2007 1418 2054 epistulas⁵)‚
1452 2011 1585 2044 tamen

277 2100 300 2136 ¹)
324 2098 476 2134 „Nonius
498 2100 673 2130 Marcellus
711 2100 782 2130 und
819 2099 875 2131 die
896 2099 1148 2135 Cicerobriefe“,
1188 2100 1302 2139 Progr.
1344 2101 1445 2140 Stegl.
1481 2111 1515 2141 p.
1552 2103 1581 2131 6.

169 2147 218 2177 Cf.
242 2146 567 2177 Drumann-Groebe
591 2147 631 2177 G.
654 2147 697 2177 R.
721 2147 766 2182 1²,
791 2148 863 2177 427.

275 2193 301 2231 ¹)
323 2194 365 2223 R.
389 2194 429 2224 E.
452 2194 529 2229 ΠΙ,
556 2193 821 2225 1263‘0-1264⁸.

275 2241 301 2279 ⁸)
321 2241 382 2277 IV,
403 2241 509 2277 LXV,
522 2236 609 2273 adn.
633 2242 662 2272 2.
705 2242 754 2273 Cf.
776 2242 837 2278 VI,
860 2243 970 2283 29213.

275 2290 300 2327 ¹)
318 2290 364 2320 ad
383 2290 457 2321 Att.
477 2290 573 2325 XIV,
597 2291 645 2324 11,
667 2290 687 2320 2
706 2290 753 2329 (d.
774 2291 826 2321 21.
845 2300 918 2331 apr.
939 2291 1008 2329 44):
1042 2291 1108 2321 Hic
1126 2301 1261 2322 mecum
1278 2292 1417 2328 Balbus,
1438 2292 1584 2328 Hirtius,

169 2338 289 2368 Pansa.
322 2337 425 2369 Modo
445 2338 539 2369 venit
559 2337 722 2369 octavius
740 2356 772 2360 —
790 2338 875 2369 mihi
887 2342 983 2370 totus
995 2339 1141 2372 deditus.
1170 2340 1220 2371 Cf.
1234 2340 1281 2372 ad
1294 2340 1375 2370 iam.
1401 2341 1481 2376 VH,
1498 2342 1549 2376 30,
1568 2343 1582 2372 1

170 2385 250 2424 (ian.
272 2386 340 2423 44):
374 2386 446 2425 Ego
467 2395 547 2416 vero
572 2403 604 2408 -
629 2386 803 2425 pervenire
825 2386 907 2422 „ubi
926 2396 988 2418 nec
1008 2387 1247 2427 Pelopidarum
1265 2398 1390 2419 nomen
1409 2398 1471 2419 nec
1491 2388 1584 2419 faeta

167 2433 339 2464 audiam“.

276 2481 301 2519 ⁸)
322 2481 371 2512 Cf.
392 2481 438 2513 ad
459 2482 533 2512 Att.
555 2482 631 2517 XV,
653 2483 683 2517 4,
711 2484 731 2513 5
752 2482 799 2521 ((1.
822 2484 874 2514 24.
894 2483 973 2514 mai.
996 2484 1064 2521 44):
1101 2483 1305 2514 Summatim
1329 2484 1440 2514 adhuc
1465 2484 1511 2515 ad
1536 2488 1582 2519 te,

167 2528 251 2558 nihil
262 2530 347 2561 dum
362 2539 384 2559 a
400 2529 525 2566 Balbo;
544 2532 573 2564 5,
593 2531 612 2560 2
630 2530 677 2568 (d.
696 2531 747 2561 27.
765 2531 821 2560 vel
837 2531 889 2561 28.
906 2531 986 2561 mai.
1005 2532 1074 2568 44):
1111 2553 1118 2561 .
1132 2554 1140 2561 .
1154 2553 1161 2561 .
1175 2553 1182 2561 .
1206 2531 1255 2561 ita
1272 2531 1388 2561 scribit
1404 2535 1439 2561 et
1454 2532 1584 2561 Balbus

1376 2612 1412 2641 3⁸
