1965 3015
894 172 1134 208 -26-

299 273 431 309 Const.
463 272 606 319 Porph.
638 272 700 307 ed.
733 272 1081 310 Biittner-Woobst
1112 272 1189 315 ΙΙΙ,
1221 284 1260 319 p.
1294 275 1353 315 50,
1388 274 1523 319 6sqq),
1554 274 1623 310 ubi
1653 276 1726 313 hoc

298 329 490 365 traditum
513 332 574 365 est·
601 325 724 374 (ἄλλος
749 326 788 364 δὲ
813 326 877 373 τὴν
900 327 1070 365 ἐναντίαν
1094 323 1166 364 εἶπε
1196 328 1258 365 τῶι
1281 326 1430 365 Λεπῖδωι
1459 328 1728 378 προςθέμενος),

298 386 503 434 legendum
542 398 624 423 esse
662 387 855 424 versimile
892 391 952 424 est
977 382 1161 432 ,,Βάλβος“
1183 399 1255 434 pro
1286 381 1458 432 „dnos-‘2
1495 399 1585 424 cum
1614 387 1726 424 addit

299 444 412 479 haec:
468 443 555 486 „Im
593 442 804 481 Consilium
842 444 910 481 der
947 443 1192 481 Caesarianer
1229 445 1414 492 sprechen
1452 444 1605 481 Hirtius
1643 445 1726 481 und

299 501 494 536 Antonius
526 501 590 537 fiir
620 501 697 538 den
729 501 905 544 Frieden,
936 501 1081 537 diesem
1113 502 1181 546 [sc.
1214 502 1304 538 dem
1341 501 1527 550 Lepidus]
1562 500 1726 538 schliesst

300 558 381 593 sich
411 558 474 594 ein
503 558 647 594 vierter
676 570 739 601 an,
770 558 906 594 dessen
935 558 1059 595 Name
1088 558 1304 595 verdorben
1333 559 1397 596 ist.
1457 559 1511 595 Es
1538 558 1632 606 liegt
1660 569 1726 594 am

299 615 501 658 nauhu-aton,
523 627 574 652 an
594 615 740 652 Balbus
760 627 808 652 zu
826 615 1018 652 denken“.
1058 615 1132 651 Per
1150 627 1190 652 se
1209 615 1283 652 viri
1302 616 1514 653 doctissimi
1534 615 1727 652 sententia

300 676 361 708 est
380 684 470 709 vere
499 673 712 719 splendida,
732 685 822 709 cum
850 673 1084 709 antecedant
1111 673 1190 709 duo
1208 674 1380 710 nomina.
1431 673 1581 711 Scimus
1606 672 1726 709 etiam

301 729 385 766 illos
405 732 648 776 excerptores
667 729 1020 777 neglegentissimos
1040 741 1154 777 saepe
1175 741 1215 766 se
1235 730 1469 778 praebuisse.
1510 730 1617 775 Quae
1636 741 1726 766 cum

301 788 358 822 ita
375 787 465 829 sint,
483 798 563 822 non
580 787 631 823 ab
649 787 754 823 omni
771 786 1105 823 verisimilitudine
1121 787 1255 823 abesse
1271 791 1370 835 puto
1387 788 1493 835 apud
1509 787 1725 830 Nicolaum,

299 855 379 879 non
412 843 452 878 in
484 844 688 890 excerptis,
722 843 953 879 mutandam
985 855 1067 879 esse
1099 843 1316 880 lectionem.
1382 842 1529 881 Tamen
1560 844 1609 880 de
1642 844 1726 891 ipso

298 900 455 937 nomine
482 911 561 936 non
590 912 679 936 cum
710 900 944 937 Schwartzio
971 901 1131 944 faciam3
1173 913 1267 938 nam
1294 901 1453 945 Balbue,
1483 901 1550 948 qui
1577 912 1728 948 semper

300 958 471 993 medium
505 958 607 994 inter
640 961 771 1004 partes
805 961 997 1000 tenuerat,
1033 958 1183 994 cautior
1216 962 1301 994 erat
1335 961 1454 1005 atque
1487 957 1726 1005 prudentior,

301 1026 420 1061 quam
460 1017 507 1050 ut
547 1025 596 1050 ex
636 1014 808 1061 professo
837 1014 1066 1061 cuiusquam
1095 1018 1182 1051 tum
1212 1026 1253 1051 se
1282 1015 1508 1063 adiungeret
1536 1013 1726 1062 partibuS,

300 1071 566 1118 desiderioque
596 1072 751 1119 insuper
780 1072 886 1119 pacis
915 1075 1034 1119 atque
1065 1072 1217 1119 quietis,
1248 1072 1349 1109 sicut
1378 1072 1456 1108 iam
1486 1082 1603 1119 supra
1632 1071 1726 1114 dixi,

302 1130 426 1176 magis
440 1129 618 1165 incensus
632 1132 729 1172 erat,
747 1140 865 1176 quam
879 1132 926 1165 ut
941 1132 1076 1165 contra
1090 1141 1192 1173 eum,
1209 1141 1324 1176 quem
1339 1129 1474 1166 eodem
1489 1132 1728 1165 commotum

302 1198 384 1222 esse
415 1185 562 1223 sciebat
591 1186 792 1229 desiderio,
828 1186 958 1234 palam
982 1186 1214 1233 loqueretur,
1240 1187 1356 1234 idque
1380 1186 1453 1223 illis
1476 1186 1727 1234 temporibus,

303 1244 444 1290 quibus
478 1244 668 1279 coniurati
702 1244 788 1290 ipsi,
825 1244 919 1289 quid
952 1244 1172 1280 faciendum
1205 1247 1318 1286 esset,
1353 1244 1576 1279 nesciebant
1609 1247 1728 1289 atque

302 1300 481 1336 omnibus
513 1300 640 1342 rebus,
675 1300 816 1345 quibus
849 1300 900 1335 ad
933 1299 1091 1335 consilia
1123 1300 1220 1336 bene
1252 1300 1469 1347 peragenda
1502 1311 1599 1347 opus
1630 1303 1727 1342 erat,

300 1357 468 1404 egebant
492 1356 819 1403 Octavianusque,
845 1368 960 1403 quem
984 1368 1008 1392 a
1032 1355 1192 1393 Caesam
1215 1357 1449 1404 adoptatum
1472 1368 1664 1393 summam
1688 1356 1728 1392 in

301 1427 342 1451 re
366 1413 522 1460 publica
546 1414 663 1449 armis
686 1414 902 1460 petiturum
925 1424 1007 1448 esse
1031 1416 1268 1460 potestatem
1291 1413 1500 1460 putabant,
1524 1412 1729 1460 Apollonia

301 1476 385 1508 erat
403 1471 666 1516 reversurusl).
704 1468 937 1507 Crediderim
955 1470 1086 1517 potius
1105 1470 1285 1513 Balbum,
1306 1482 1384 1517 qua
1400 1474 1485 1506 erat
1503 1469 1728 1512 calliditate,

302 1534 388 1566 tum
415 1529 593 1571 tacuisse,
632 1528 858 1575 praesertim
884 1539 986 1570 cum,
1019 1527 1111 1574 quia
1137 1527 1289 1564 Hirtius
1315 1527 1474 1571 sciebat,
1504 1539 1603 1574 quae
1628 1530 1729 1563 esset

302 1588 385 1623 eius
405 1586 548 1633 opinio,
570 1586 604 1621 ei
626 1597 723 1632 opus
743 1597 822 1621 non
842 1588 944 1620 esset
965 1584 1070 1620 illam
1090 1585 1280 1632 detegere.
1313 1585 1486 1628 Accedit,
1509 1584 1614 1631 quod
1634 1583 1729 1620 illud

304 1641 464 1690 ,,ἆ’λλος“
494 1643 551 1679 ita
593 1654 746 1689 quoque
787 1642 956 1689 intellegi
996 1645 1139 1689 potest,
1181 1646 1227 1678 ut
1257 1642 1308 1678 sit
1340 1642 1449 1689 quasi
1474 1638 1583 1683 ἄλλος
1606 1656 1657 1682 τις
1680 1662 1731 1668 —-

303 1715 397 1739 nam
428 1702 510 1738 sine
540 1701 659 1736 dubio
691 1700 817 1742 multi,
849 1700 969 1735 etiam
999 1700 1173 1736 homines
1204 1700 1361 1736 minoris
1392 1700 1580 1736 momenti
1611 1710 1729 1746 quam

305 1761 359 1796 illi
384 1760 515 1802 duces,
540 1758 752 1794 intererant
777 1757 842 1792 illo
867 1755 1181 1794 Caesarianorum
1206 1757 1375 1793 consilio.
1413 1757 1526 1800 Quod
1551 1757 1583 1793 si
1607 1757 1664 1793 ita
1690 1768 1730 1792 se

305 1818 438 1860 habet,
461 1817 625 1852 fortasse
639 1826 688 1850 ne
699 1814 882 1850 Nicolaus
904 1813 1060 1859 quidem
1082 1814 1163 1860 ipse
1184 1814 1296 1849 aliter
1307 1814 1459 1860 scripsit
1470 1818 1589 1860 atque
1599 1817 1730 1849 exstat

306 1875 495 1921 scriptum
520 1873 560 1908 in
585 1871 789 1918 excerptis.

402 1930 549 1967 Balbus
575 1929 684 1965 brevi
710 1931 800 1975 post
826 1928 866 1963 in
893 1927 1146 1974 Campaniam
1172 1931 1231 1963 est
1257 1927 1465 1974 profectus,
1493 1939 1570 1974 quo
1595 1927 1731 1962 itinere

303 2001 393 2025 eum
410 1986 507 2024 nihil
523 1986 630 2023 aliud
647 1986 687 2022 in
705 1985 835 2021 animo
853 1984 1032 2021 habuisse
1049 1984 1123 2021 nisi
1140 1996 1230 2021 cum
1248 1983 1377 2020 Hirtio
1394 1984 1511 2021 Baias
1527 1984 1582 2020 ire
1599 1995 1731 2020 omnes

304 2045 548 2093 putabant²);
585 2043 786 2090 paululum
809 2042 980 2078 Puteolis
1007 2045 1192 2084 moratus,
1215 2042 1283 2077 ubi
1306 2053 1420 2088 saepe
1441 2053 1531 2077 cum
1553 2041 1732 2078 Cicerone

304 2101 530 2147 convenit3),
562 2100 834 2142 Octavianum,
867 2110 982 2146 quem
1013 2099 1169 2145 quidem
1199 2098 1258 2135 sui
1277 2098 1478 2135 Caesarem
1508 2097 1733 2134 salutabant

308 2160 373 2206 (ad
395 2160 481 2196 Att.
506 2158 615 2200 XIV,
645 2160 700 2200 12,
727 2159 774 2201 2),
798 2156 961 2203 Neapoli
984 2156 1184 2198 salutavit,
1209 2166 1286 2202 quo
1309 2155 1372 2191 ille
1393 2156 1456 2192 die
1479 2155 1732 2192 antecedente

309 2220 482 2253 venerat.

418 2321 442 2357 ¹)
457 2320 503 2351 ad
519 2321 592 2350 Att.
611 2319 706 2354 XIV,
725 2319 776 2353 21,
796 2320 814 2348 3
832 2320 878 2356 (v.
896 2320 950 2356 s.):
980 2317 1063 2348 Mihi
1078 2321 1196 2349 autem
1215 2334 1248 2340 -
1268 2316 1362 2357 regni
1376 2318 1535 2350 heredem
1549 2317 1731 2348 relictum?

417 2368 441 2405 ²)
455 2368 504 2398 Cf.
517 2368 563 2399 ad
575 2367 656 2397 farn.
670 2367 765 2401 XVI,
780 2368 831 2401 24,
845 2367 865 2396 2
878 2368 970 2404 (nov.
983 2366 1071 2397 med.
1085 2367 1154 2404 44):
1180 2366 1227 2396 Et
1238 2366 1323 2396 scito
1335 2366 1483 2396 Balbum
1498 2383 1531 2388 —
1546 2368 1730 2404 utrumque

307 2417 353 2447 ad
375 2425 505 2501 893αέἑί
524 2464 597 2493 Att.
619 2463 714 2497 XIV,
736 2464 766 2497 9,
787 2463 806 2492 3
826 2462 872 2500 (d.
897 2463 944 2491 18.
964 2471 1036 2500 apr.
1058 2463 1126 2498 44):
1159 2462 1206 2491 Et
1225 2461 1353 2492 Balbus
1372 2461 1425 2492 hic
1444 2465 1497 2491 ost
1514 2460 1728 2499 multumque

308 2522 443 2542 mecum
464 2521 492 2541 e.
510 2521 543 2550 q.
560 2521 586 2541 s.
