<?xml version="1.0" encoding="UTF-8"?>
<!DOCTYPE html PUBLIC "-//W3C//DTD XHTML 1.0 Transitional//EN"
    "http://www.w3.org/TR/xhtml1/DTD/xhtml1-transitional.dtd">
<html xmlns="http://www.w3.org/1999/xhtml" xml:lang="en" lang="en">
 <head>
  <title>
</title>
<meta http-equiv="Content-Type" content="text/html;charset=utf-8" />
  <meta name='ocr-system' content='tesseract 3.04.00' />
  <meta name='ocr-capabilities' content='ocr_page ocr_carea ocr_par ocr_line ocrx_word'/>
</head>
<body>
  <div class='ocr_page' id='page_1' title='image "./4737966_0058.png"; bbox 0 0 1965 3015; ppageno 0'>
   <div class='ocr_carea' id='block_1_1' title="bbox 869 152 1106 188">
    <p class='ocr_par' dir='ltr' id='par_1_1' title="bbox 869 152 1106 188">
     <span class='ocr_line' id='line_1_1' title="bbox 869 152 1106 188; baseline 0.004 -11"><span class='ocrx_word' id='word_1_1' title='bbox 869 152 1106 188; x_wconf 77' lang='lat'>-44-</span> 
     </span>
    </p>
   </div>
   <div class='ocr_carea' id='block_1_2' title="bbox 268 250 1705 2292">
    <p class='ocr_par' dir='ltr' id='par_1_2' title="bbox 268 250 1705 1501">
     <span class='ocr_line' id='line_1_2' title="bbox 270 250 1696 299; baseline 0.001 -12"><span class='ocrx_word' id='word_1_2' title='bbox 270 262 394 287; x_wconf 79' lang='lat' dir='ltr'><strong>wesen</strong></span> <span class='ocrx_word' id='word_1_3' title='bbox 427 250 528 287; x_wconf 79' lang='lat' dir='ltr'><strong>auch</strong></span> <span class='ocrx_word' id='word_1_4' title='bbox 560 250 662 287; x_wconf 79' lang='lat' dir='ltr'><strong>nach</strong></span> <span class='ocrx_word' id='word_1_5' title='bbox 695 251 818 288; x_wconf 81' lang='lat' dir='ltr'><strong>seiner</strong></span> <span class='ocrx_word' id='word_1_6' title='bbox 849 251 1072 288; x_wconf 70' lang='lat' dir='ltr'><strong>Aumhme</strong></span> <span class='ocrx_word' id='word_1_7' title='bbox 1103 251 1144 287; x_wconf 93' lang='lat' dir='ltr'><strong>in</strong></span> <span class='ocrx_word' id='word_1_8' title='bbox 1176 250 1254 287; x_wconf 88' lang='lat' dir='ltr'><strong>den</strong></span> <span class='ocrx_word' id='word_1_9' title='bbox 1283 250 1500 295; x_wconf 66' lang='lat' dir='ltr'><strong>romischen</strong></span> <span class='ocrx_word' id='word_1_10' title='bbox 1520 251 1696 299; x_wconf 62' lang='lat' dir='ltr'><strong>&gt;mirga·-</strong></span> 
     </span>
     <span class='ocr_line' id='line_1_3' title="bbox 268 308 1705 356; baseline 0.001 -12"><span class='ocrx_word' id='word_1_11' title='bbox 268 308 444 344; x_wconf 85' lang='lat' dir='ltr'><strong>verband</strong></span> <span class='ocrx_word' id='word_1_12' title='bbox 463 309 526 344; x_wconf 91' lang='lat' dir='ltr'><strong>ein</strong></span> <span class='ocrx_word' id='word_1_13' title='bbox 546 308 767 345; x_wconf 80' lang='lat' dir='ltr'><strong>fundanum</strong></span> <span class='ocrx_word' id='word_1_14' title='bbox 786 309 852 352; x_wconf 78' lang='lat' dir='ltr'><strong>sei,</strong></span> <span class='ocrx_word' id='word_1_15' title='bbox 873 309 912 345; x_wconf 91' lang='lat' dir='ltr'><strong>d.</strong></span> <span class='ocrx_word' id='word_1_16' title='bbox 933 309 974 345; x_wconf 88' lang='lat' dir='ltr'><strong>h.</strong></span> <span class='ocrx_word' id='word_1_17' title='bbox 994 308 1076 345; x_wconf 84' lang='lat' dir='ltr'><strong>dass</strong></span> <span class='ocrx_word' id='word_1_18' title='bbox 1093 309 1157 345; x_wconf 88' lang='lat' dir='ltr'><strong>die</strong></span> <span class='ocrx_word' id='word_1_19' title='bbox 1175 308 1705 356; x_wconf 62' lang='lat' dir='ltr'><strong>gewiihnliohenwmieohen-</strong></span> 
     </span>
     <span class='ocr_line' id='line_1_4' title="bbox 268 364 1696 414; baseline 0.001 -14"><span class='ocrx_word' id='word_1_20' title='bbox 268 365 382 412; x_wconf 49' lang='lat' dir='ltr'><strong>lege&amp;</strong></span> <span class='ocrx_word' id='word_1_21' title='bbox 409 364 551 401; x_wconf 79' lang='lat' dir='ltr'><strong>welche</strong></span> <span class='ocrx_word' id='word_1_22' title='bbox 576 376 628 402; x_wconf 87' lang='lat' dir='ltr'><strong>an</strong></span> <span class='ocrx_word' id='word_1_23' title='bbox 652 365 736 402; x_wconf 90' lang='lat' dir='ltr'><strong>und</strong></span> <span class='ocrx_word' id='word_1_24' title='bbox 760 365 824 403; x_wconf 79' lang='lat' dir='ltr'><strong>fiir</strong></span> <span class='ocrx_word' id='word_1_25' title='bbox 848 365 929 402; x_wconf 84' lang='lat' dir='ltr'><strong>sieh</strong></span> <span class='ocrx_word' id='word_1_26' title='bbox 954 365 1018 401; x_wconf 78' lang='lat' dir='ltr'><strong>fiir</strong></span> <span class='ocrx_word' id='word_1_27' title='bbox 1041 365 1116 402; x_wconf 83' lang='lat' dir='ltr'><strong>alle</strong></span> <span class='ocrx_word' id='word_1_28' title='bbox 1140 365 1528 414; x_wconf 66' lang='lat' dir='ltr'><strong>romischenBiirger</strong></span> <span class='ocrx_word' id='word_1_29' title='bbox 1551 364 1696 414; x_wconf 77' lang='lat' dir='ltr'><strong>galten,</strong></span> 
     </span>
     <span class='ocr_line' id='line_1_5' title="bbox 268 422 1696 469; baseline 0.001 -11"><span class='ocrx_word' id='word_1_30' title='bbox 268 423 333 459; x_wconf 83' lang='lat' dir='ltr'><strong>fiir</strong></span> <span class='ocrx_word' id='word_1_31' title='bbox 357 422 464 458; x_wconf 81' lang='lat' dir='ltr'><strong>diese</strong></span> <span class='ocrx_word' id='word_1_32' title='bbox 490 422 726 469; x_wconf 84' lang='lat' dir='ltr'><strong>Munizipien</strong></span> <span class='ocrx_word' id='word_1_33' title='bbox 753 435 829 460; x_wconf 89' lang='lat' dir='ltr'><strong>nur</strong></span> <span class='ocrx_word' id='word_1_34' title='bbox 858 422 1026 469; x_wconf 81' lang='lat' dir='ltr'><strong>Geltung</strong></span> <span class='ocrx_word' id='word_1_35' title='bbox 1052 423 1182 460; x_wconf 88' lang='lat' dir='ltr'><strong>haben</strong></span> <span class='ocrx_word' id='word_1_36' title='bbox 1209 423 1360 466; x_wconf 81' lang='lat' dir='ltr'><strong>sollten,</strong></span> <span class='ocrx_word' id='word_1_37' title='bbox 1387 422 1476 459; x_wconf 77' lang='lat' dir='ltr'><strong>falls</strong></span> <span class='ocrx_word' id='word_1_38' title='bbox 1502 423 1558 459; x_wconf 75' lang='lat' dir='ltr'><strong>sie</strong></span> <span class='ocrx_word' id='word_1_39' title='bbox 1583 422 1696 459; x_wconf 82' lang='lat' dir='ltr'><strong>fundi</strong></span> 
     </span>
     <span class='ocr_line' id='line_1_6' title="bbox 268 479 1696 528; baseline 0 -12"><span class='ocrx_word' id='word_1_40' title='bbox 268 480 369 516; x_wconf 69' lang='lat' dir='ltr'><strong>dazu</strong></span> <span class='ocrx_word' id='word_1_41' title='bbox 391 479 594 526; x_wconf 85' lang='lat' dir='ltr'><strong>geworden</strong></span> <span class='ocrx_word' id='word_1_42' title='bbox 617 479 739 523; x_wconf 77' lang='lat' dir='ltr'><strong>seien3</strong></span> <span class='ocrx_word' id='word_1_43' title='bbox 776 480 831 516; x_wconf 81' lang='lat' dir='ltr'><strong>aie</strong></span> <span class='ocrx_word' id='word_1_44' title='bbox 853 479 1019 516; x_wconf 79' lang='lat' dir='ltr'><strong>standen</strong></span> <span class='ocrx_word' id='word_1_45' title='bbox 1041 479 1124 516; x_wconf 77' lang='lat' dir='ltr'><strong>also</strong></span> <span class='ocrx_word' id='word_1_46' title='bbox 1145 480 1187 517; x_wconf 90' lang='lat' dir='ltr'><strong>in</strong></span> <span class='ocrx_word' id='word_1_47' title='bbox 1207 480 1332 517; x_wconf 78' lang='lat' dir='ltr'>dieser</span> <span class='ocrx_word' id='word_1_48' title='bbox 1353 479 1575 528; x_wconf 83' lang='lat' dir='ltr'><strong>Beziehung</strong></span> <span class='ocrx_word' id='word_1_49' title='bbox 1594 480 1696 516; x_wconf 79' lang='lat' dir='ltr'><strong>noch</strong></span> 
     </span>
     <span class='ocr_line' id='line_1_7' title="bbox 268 535 1697 584; baseline 0.001 -11"><span class='ocrx_word' id='word_1_50' title='bbox 268 537 346 573; x_wconf 90' lang='lat' dir='ltr'><strong>den</strong></span> <span class='ocrx_word' id='word_1_51' title='bbox 361 536 594 573; x_wconf 69' lang='lat' dir='ltr'><strong>foderierten</strong></span> <span class='ocrx_word' id='word_1_52' title='bbox 614 535 780 574; x_wconf 81' lang='lat' dir='ltr'><strong>Staaten</strong></span> <span class='ocrx_word' id='word_1_53' title='bbox 795 537 919 584; x_wconf 82' lang='lat' dir='ltr'><strong>gleioh</strong></span> <span class='ocrx_word' id='word_1_54' title='bbox 936 537 1019 573; x_wconf 90' lang='lat' dir='ltr'><strong>und</strong></span> <span class='ocrx_word' id='word_1_55' title='bbox 1034 537 1174 573; x_wconf 82' lang='lat' dir='ltr'><strong>hatten</strong></span> <span class='ocrx_word' id='word_1_56' title='bbox 1190 538 1272 574; x_wconf 70' lang='lat' dir='ltr'><strong>sich</strong></span> <span class='ocrx_word' id='word_1_57' title='bbox 1287 538 1400 574; x_wconf 87' lang='lat' dir='ltr'><strong>einen</strong></span> <span class='ocrx_word' id='word_1_58' title='bbox 1413 538 1512 574; x_wconf 78' lang='lat' dir='ltr'><strong>Rest</strong></span> <span class='ocrx_word' id='word_1_59' title='bbox 1524 537 1697 574; x_wconf 67' lang='lat' dir='ltr'><strong>trahem</strong></span> 
     </span>
     <span class='ocr_line' id='line_1_8' title="bbox 271 593 1702 642; baseline -0.001 -11"><span class='ocrx_word' id='word_1_60' title='bbox 271 594 547 631; x_wconf 67' lang='lat' dir='ltr'><strong>Souveranitat</strong></span> <span class='ocrx_word' id='word_1_61' title='bbox 571 593 786 631; x_wconf 84' lang='lat' dir='ltr'><strong>bewahrt“.</strong></span> <span class='ocrx_word' id='word_1_62' title='bbox 838 593 1034 631; x_wconf 74' lang='lat' dir='ltr'><strong>Nonnulla</strong></span> <span class='ocrx_word' id='word_1_63' title='bbox 1058 597 1194 630; x_wconf 84' lang='lat' dir='ltr'><strong>vetera</strong></span> <span class='ocrx_word' id='word_1_64' title='bbox 1217 594 1427 642; x_wconf 82' lang='lat' dir='ltr'><strong>municipia</strong></span> <span class='ocrx_word' id='word_1_65' title='bbox 1452 593 1702 642; x_wconf 76' lang='lat' dir='ltr'><strong>appellantur:</strong></span> 
     </span>
     <span class='ocr_line' id='line_1_9' title="bbox 269 649 1703 698; baseline 0 -11"><span class='ocrx_word' id='word_1_66' title='bbox 269 650 480 698; x_wconf 83' lang='lat' dir='ltr'><strong>municipia</strong></span> <span class='ocrx_word' id='word_1_67' title='bbox 502 650 720 694; x_wconf 81' lang='lat' dir='ltr'><strong>foederata3</strong></span> <span class='ocrx_word' id='word_1_68' title='bbox 757 651 848 687; x_wconf 86' lang='lat' dir='ltr'><strong>vide</strong></span> <span class='ocrx_word' id='word_1_69' title='bbox 871 662 905 687; x_wconf 91' lang='lat' dir='ltr'><strong>e.</strong></span> <span class='ocrx_word' id='word_1_70' title='bbox 929 663 966 698; x_wconf 84' lang='lat' dir='ltr'><strong>g.</strong></span> <span class='ocrx_word' id='word_1_71' title='bbox 991 649 1069 687; x_wconf 81' lang='lat' dir='ltr'><strong>cic.</strong></span> <span class='ocrx_word' id='word_1_72' title='bbox 1093 650 1193 687; x_wconf 86' lang='lat' dir='ltr'><strong>Phil.</strong></span> <span class='ocrx_word' id='word_1_73' title='bbox 1218 651 1296 695; x_wconf 88' lang='grc' dir='ltr'><strong>ΠΙ,</strong></span> <span class='ocrx_word' id='word_1_74' title='bbox 1323 654 1357 694; x_wconf 86' lang='grc'><strong>6,</strong></span> <span class='ocrx_word' id='word_1_75' title='bbox 1386 655 1431 687; x_wconf 81' lang='grc'><strong>15</strong></span> <span class='ocrx_word' id='word_1_76' title='bbox 1456 651 1519 697; x_wconf 91' lang='lat' dir='ltr'><strong>(de</strong></span> <span class='ocrx_word' id='word_1_77' title='bbox 1540 650 1703 697; x_wconf 73' lang='lat' dir='ltr'><strong>Arieia).²</strong></span> 
     </span>
     <span class='ocr_line' id='line_1_10' title="bbox 268 707 1695 755; baseline -0.001 -10"><span class='ocrx_word' id='word_1_78' title='bbox 268 708 473 755; x_wconf 76' lang='lat' dir='ltr'><strong>Nusquam</strong></span> <span class='ocrx_word' id='word_1_79' title='bbox 494 707 666 745; x_wconf 83' lang='lat' dir='ltr'><strong>traditur</strong></span> <span class='ocrx_word' id='word_1_80' title='bbox 688 708 942 755; x_wconf 81' lang='lat' dir='ltr'><strong>municipium</strong></span> <span class='ocrx_word' id='word_1_81' title='bbox 964 707 1087 744; x_wconf 91' lang='lat' dir='ltr'><strong>ullum</strong></span> <span class='ocrx_word' id='word_1_82' title='bbox 1109 719 1191 744; x_wconf 83' lang='lat' dir='ltr'><strong>esse</strong></span> <span class='ocrx_word' id='word_1_83' title='bbox 1214 708 1417 746; x_wconf 80' lang='lat' dir='ltr'><strong>civitatem</strong></span> <span class='ocrx_word' id='word_1_84' title='bbox 1438 709 1695 751; x_wconf 58' lang='lat' dir='ltr'><strong>foederatam:</strong></span> 
     </span>
     <span class='ocr_line' id='line_1_11' title="bbox 268 764 1696 813; baseline -0.001 -11"><span class='ocrx_word' id='word_1_85' title='bbox 268 767 342 802; x_wconf 85' lang='lat' dir='ltr'><strong>hae</strong></span> <span class='ocrx_word' id='word_1_86' title='bbox 358 765 464 802; x_wconf 88' lang='lat' dir='ltr'><strong>enim</strong></span> <span class='ocrx_word' id='word_1_87' title='bbox 480 764 623 802; x_wconf 77' lang='lat' dir='ltr'><strong>liberae</strong></span> <span class='ocrx_word' id='word_1_88' title='bbox 641 769 766 808; x_wconf 89' lang='lat' dir='ltr'><strong>erant,</strong></span> <span class='ocrx_word' id='word_1_89' title='bbox 785 765 881 802; x_wconf 91' lang='lat' dir='ltr'><strong>illud</strong></span> <span class='ocrx_word' id='word_1_90' title='bbox 897 769 982 801; x_wconf 88' lang='lat' dir='ltr'><strong>erat</strong></span> <span class='ocrx_word' id='word_1_91' title='bbox 1000 765 1230 809; x_wconf 79' lang='lat' dir='ltr'>membrum,</span> <span class='ocrx_word' id='word_1_92' title='bbox 1249 769 1296 802; x_wconf 91' lang='lat' dir='ltr'><strong>ut</strong></span> <span class='ocrx_word' id='word_1_93' title='bbox 1313 767 1371 802; x_wconf 91' lang='lat' dir='ltr'><strong>ita</strong></span> <span class='ocrx_word' id='word_1_94' title='bbox 1388 766 1528 809; x_wconf 76' lang='lat' dir='ltr'><strong>dicam,</strong></span> <span class='ocrx_word' id='word_1_95' title='bbox 1547 765 1696 813; x_wconf 89' lang='lat' dir='ltr'><strong>imperii</strong></span> 
     </span>
     <span class='ocr_line' id='line_1_12' title="bbox 269 822 1696 871; baseline 0 -12"><span class='ocrx_word' id='word_1_96' title='bbox 269 823 549 866; x_wconf 76' lang='lat' dir='ltr'><strong>Romanorum,</strong></span> <span class='ocrx_word' id='word_1_97' title='bbox 581 834 660 870; x_wconf 90' lang='lat' dir='ltr'><strong>qua</strong></span> <span class='ocrx_word' id='word_1_98' title='bbox 690 823 739 860; x_wconf 89' lang='lat' dir='ltr'><strong>de</strong></span> <span class='ocrx_word' id='word_1_99' title='bbox 770 834 899 866; x_wconf 82' lang='lat' dir='ltr'><strong>eausa,</strong></span> <span class='ocrx_word' id='word_1_100' title='bbox 930 822 1157 871; x_wconf 80' lang='lat' dir='ltr'><strong>praesertim</strong></span> <span class='ocrx_word' id='word_1_101' title='bbox 1188 835 1278 860; x_wconf 86' lang='lat' dir='ltr'><strong>cum</strong></span> <span class='ocrx_word' id='word_1_102' title='bbox 1308 823 1511 861; x_wconf 75' lang='lat' dir='ltr'><strong>videamus</strong></span> <span class='ocrx_word' id='word_1_103' title='bbox 1533 835 1599 860; x_wconf 80' lang='lat' dir='ltr'><strong>eas</strong></span> <span class='ocrx_word' id='word_1_104' title='bbox 1622 823 1696 860; x_wconf 86' lang='lat' dir='ltr'><strong>hae</strong></span> 
     </span>
     <span class='ocr_line' id='line_1_13' title="bbox 268 881 1696 928; baseline 0 -11"><span class='ocrx_word' id='word_1_105' title='bbox 268 881 310 917; x_wconf 90' lang='lat' dir='ltr'><strong>in</strong></span> <span class='ocrx_word' id='word_1_106' title='bbox 337 892 392 924; x_wconf 87' lang='lat' dir='ltr'><strong>re,</strong></span> <span class='ocrx_word' id='word_1_107' title='bbox 422 881 528 928; x_wconf 91' lang='lat' dir='ltr'><strong>quod</strong></span> <span class='ocrx_word' id='word_1_108' title='bbox 554 881 703 928; x_wconf 84' lang='lat' dir='ltr'><strong>legibus</strong></span> <span class='ocrx_word' id='word_1_109' title='bbox 731 881 919 918; x_wconf 80' lang='lat' dir='ltr'><strong>Romanis</strong></span> <span class='ocrx_word' id='word_1_110' title='bbox 946 881 1058 917; x_wconf 83' lang='lat' dir='ltr'><strong>fundi</strong></span> <span class='ocrx_word' id='word_1_111' title='bbox 1085 881 1249 924; x_wconf 76' lang='lat' dir='ltr'><strong>fiebant,</strong></span> <span class='ocrx_word' id='word_1_112' title='bbox 1278 883 1393 928; x_wconf 85' lang='lat' dir='ltr'><strong>aequi</strong></span> <span class='ocrx_word' id='word_1_113' title='bbox 1420 882 1514 918; x_wconf 80' lang='lat' dir='ltr'><strong>iuris</strong></span> <span class='ocrx_word' id='word_1_114' title='bbox 1540 892 1622 917; x_wconf 78' lang='lat' dir='ltr'><strong>esse</strong></span> <span class='ocrx_word' id='word_1_115' title='bbox 1651 892 1696 917; x_wconf 88' lang='lat' dir='ltr'><strong>ao</strong></span> 
     </span>
     <span class='ocr_line' id='line_1_14' title="bbox 268 937 1697 985; baseline 0 -11"><span class='ocrx_word' id='word_1_116' title='bbox 268 937 450 974; x_wconf 81' lang='lat' dir='ltr'><strong>civitates</strong></span> <span class='ocrx_word' id='word_1_117' title='bbox 488 937 720 980; x_wconf 77' lang='lat' dir='ltr'><strong>foederatas,</strong></span> <span class='ocrx_word' id='word_1_118' title='bbox 762 937 1015 985; x_wconf 84' lang='lat' dir='ltr'><strong>municipium</strong></span> <span class='ocrx_word' id='word_1_119' title='bbox 1054 938 1298 974; x_wconf 82' lang='lat' dir='ltr'><strong>foederatum</strong></span> <span class='ocrx_word' id='word_1_120' title='bbox 1337 938 1440 974; x_wconf 91' lang='lat' dir='ltr'><strong>idem</strong></span> <span class='ocrx_word' id='word_1_121' title='bbox 1480 949 1562 974; x_wconf 76' lang='lat' dir='ltr'><strong>esee</strong></span> <span class='ocrx_word' id='word_1_122' title='bbox 1601 937 1697 974; x_wconf 86' lang='lat' dir='ltr'><strong>mihi</strong></span> 
     </span>
     <span class='ocr_line' id='line_1_15' title="bbox 268 995 1698 1042; baseline -0.001 -10"><span class='ocrx_word' id='word_1_123' title='bbox 268 995 425 1032; x_wconf 87' lang='lat' dir='ltr'><strong>videtur</strong></span> <span class='ocrx_word' id='word_1_124' title='bbox 454 1007 500 1031; x_wconf 84' lang='lat' dir='ltr'><strong>ae</strong></span> <span class='ocrx_word' id='word_1_125' title='bbox 530 995 784 1042; x_wconf 87' lang='lat' dir='ltr'><strong>municipium</strong></span> <span class='ocrx_word' id='word_1_126' title='bbox 813 995 1050 1039; x_wconf 64' lang='lat' dir='ltr'><strong>fundanum</strong></span> <span class='ocrx_word' id='word_1_127' title='bbox 1094 995 1173 1031; x_wconf 89' lang='lat' dir='ltr'><strong>duo</strong></span> <span class='ocrx_word' id='word_1_128' title='bbox 1201 996 1361 1032; x_wconf 90' lang='lat' dir='ltr'><strong>nomina</strong></span> <span class='ocrx_word' id='word_1_129' title='bbox 1389 995 1485 1032; x_wconf 90' lang='lat' dir='ltr'><strong>mihi</strong></span> <span class='ocrx_word' id='word_1_130' title='bbox 1514 995 1698 1032; x_wconf 73' lang='lat' dir='ltr'><strong>videntur</strong></span> 
     </span>
     <span class='ocr_line' id='line_1_16' title="bbox 274 1051 1697 1099; baseline -0.001 -11"><span class='ocrx_word' id='word_1_131' title='bbox 274 1064 355 1088; x_wconf 83' lang='lat' dir='ltr'><strong>esse</strong></span> <span class='ocrx_word' id='word_1_132' title='bbox 373 1053 414 1089; x_wconf 92' lang='lat' dir='ltr'><strong>in</strong></span> <span class='ocrx_word' id='word_1_133' title='bbox 429 1063 500 1088; x_wconf 77' lang='lat' dir='ltr'><strong>uso</strong></span> <span class='ocrx_word' id='word_1_134' title='bbox 517 1053 746 1099; x_wconf 83' lang='lat' dir='ltr'><strong>promiscuo.</strong></span> <span class='ocrx_word' id='word_1_135' title='bbox 786 1052 860 1089; x_wconf 83' lang='lat' dir='ltr'><strong>Hie</strong></span> <span class='ocrx_word' id='word_1_136' title='bbox 876 1063 1029 1099; x_wconf 90' lang='lat' dir='ltr'><strong>quoque</strong></span> <span class='ocrx_word' id='word_1_137' title='bbox 1045 1055 1150 1088; x_wconf 87' lang='lat' dir='ltr'><strong>reete</strong></span> <span class='ocrx_word' id='word_1_138' title='bbox 1166 1052 1397 1098; x_wconf 86' lang='lat' dir='ltr'><strong>Karlowa¹):</strong></span> <span class='ocrx_word' id='word_1_139' title='bbox 1421 1053 1584 1099; x_wconf 80' lang='lat' dir='ltr'><strong>„Einige</strong></span> <span class='ocrx_word' id='word_1_140' title='bbox 1596 1051 1697 1088; x_wconf 86' lang='lat' dir='ltr'><strong>Male</strong></span> 
     </span>
     <span class='ocr_line' id='line_1_17' title="bbox 271 1108 1697 1157; baseline -0.001 -11"><span class='ocrx_word' id='word_1_141' title='bbox 271 1109 367 1146; x_wconf 88' lang='lat' dir='ltr'><strong>wird</strong></span> <span class='ocrx_word' id='word_1_142' title='bbox 401 1110 466 1146; x_wconf 80' lang='lat' dir='ltr'><strong>fiir</strong></span> <span class='ocrx_word' id='word_1_143' title='bbox 495 1110 559 1146; x_wconf 88' lang='lat' dir='ltr'><strong>ein</strong></span> <span class='ocrx_word' id='word_1_144' title='bbox 588 1121 685 1157; x_wconf 83' lang='lat' dir='ltr'><strong>paar</strong></span> <span class='ocrx_word' id='word_1_145' title='bbox 718 1108 798 1146; x_wconf 85' lang='lat' dir='ltr'><strong>alte</strong></span> <span class='ocrx_word' id='word_1_146' title='bbox 826 1108 1061 1157; x_wconf 85' lang='lat' dir='ltr'><strong>Munizipien</strong></span> <span class='ocrx_word' id='word_1_147' title='bbox 1090 1109 1159 1146; x_wconf 91' lang='lat' dir='ltr'><strong>der</strong></span> <span class='ocrx_word' id='word_1_148' title='bbox 1184 1109 1389 1147; x_wconf 80' lang='lat' dir='ltr'><strong>Ausdruek</strong></span> <span class='ocrx_word' id='word_1_149' title='bbox 1418 1108 1697 1157; x_wconf 82' lang='lat' dir='ltr'><strong>„municipium</strong></span> 
     </span>
     <span class='ocr_line' id='line_1_18' title="bbox 270 1167 1696 1214; baseline -0.001 -11"><span class='ocrx_word' id='word_1_150' title='bbox 270 1167 541 1203; x_wconf 80' lang='lat' dir='ltr'><strong>foederatum“</strong></span> <span class='ocrx_word' id='word_1_151' title='bbox 574 1168 800 1214; x_wconf 86' lang='lat' dir='ltr'><strong>gebraucht,</strong></span> <span class='ocrx_word' id='word_1_152' title='bbox 835 1178 878 1202; x_wconf 82' lang='lat' dir='ltr'><strong>so</strong></span> <span class='ocrx_word' id='word_1_153' title='bbox 911 1167 975 1203; x_wconf 81' lang='lat' dir='ltr'><strong>fiir</strong></span> <span class='ocrx_word' id='word_1_154' title='bbox 1008 1167 1163 1214; x_wconf 85' lang='lat' dir='ltr'><strong>Capena</strong></span> <span class='ocrx_word' id='word_1_155' title='bbox 1196 1167 1236 1203; x_wconf 93' lang='lat' dir='ltr'><strong>in</strong></span> <span class='ocrx_word' id='word_1_156' title='bbox 1270 1167 1504 1204; x_wconf 78' lang='lat' dir='ltr'><strong>Insehriften</strong></span> <span class='ocrx_word' id='word_1_157' title='bbox 1539 1167 1696 1213; x_wconf 85' lang='lat' dir='ltr'><strong>(Willm.</strong></span> 
     </span>
     <span class='ocr_line' id='line_1_19' title="bbox 273 1223 1698 1270; baseline 0.001 -11"><span class='ocrx_word' id='word_1_158' title='bbox 273 1226 356 1260; x_wconf 88' lang='lat'>981.</span> <span class='ocrx_word' id='word_1_159' title='bbox 377 1226 486 1269; x_wconf 85' lang='lat'>2084)</span> <span class='ocrx_word' id='word_1_160' title='bbox 505 1224 587 1260; x_wconf 91' lang='lat' dir='ltr'><strong>und</strong></span> <span class='ocrx_word' id='word_1_161' title='bbox 605 1224 669 1260; x_wconf 79' lang='lat' dir='ltr'><strong>fiir</strong></span> <span class='ocrx_word' id='word_1_162' title='bbox 685 1223 815 1260; x_wconf 86' lang='lat' dir='ltr'><strong>Aricia</strong></span> <span class='ocrx_word' id='word_1_163' title='bbox 834 1223 926 1270; x_wconf 80' lang='lat' dir='ltr'><strong>(oio.</strong></span> <span class='ocrx_word' id='word_1_164' title='bbox 946 1223 1045 1260; x_wconf 88' lang='lat' dir='ltr'><strong>Phil.</strong></span> <span class='ocrx_word' id='word_1_165' title='bbox 1065 1223 1142 1267; x_wconf 90' lang='lat' dir='ltr'>III,</span> <span class='ocrx_word' id='word_1_166' title='bbox 1163 1227 1198 1267; x_wconf 88' lang='grc'><strong>6,</strong></span> <span class='ocrx_word' id='word_1_167' title='bbox 1222 1226 1292 1270; x_wconf 88' lang='grc'><strong>15).</strong></span> <span class='ocrx_word' id='word_1_168' title='bbox 1330 1224 1384 1260; x_wconf 82' lang='lat' dir='ltr'><strong>Es</strong></span> <span class='ocrx_word' id='word_1_169' title='bbox 1401 1224 1453 1261; x_wconf 82' lang='lat' dir='ltr'><strong>ist</strong></span> <span class='ocrx_word' id='word_1_170' title='bbox 1471 1236 1572 1261; x_wconf 85' lang='lat' dir='ltr'><strong>zwar</strong></span> <span class='ocrx_word' id='word_1_171' title='bbox 1587 1224 1698 1261; x_wconf 85' lang='lat' dir='ltr'><strong>nieht</strong></span> 
     </span>
     <span class='ocr_line' id='line_1_20' title="bbox 268 1280 1698 1329; baseline 0 -12"><span class='ocrx_word' id='word_1_172' title='bbox 268 1281 503 1328; x_wconf 82' lang='lat' dir='ltr'><strong>unm6glioh,</strong></span> <span class='ocrx_word' id='word_1_173' title='bbox 537 1281 630 1317; x_wconf 88' lang='lat' dir='ltr'><strong>aber</strong></span> <span class='ocrx_word' id='word_1_174' title='bbox 661 1281 782 1317; x_wconf 83' lang='lat' dir='ltr'><strong>kaum</strong></span> <span class='ocrx_word' id='word_1_175' title='bbox 814 1280 1022 1328; x_wconf 78' lang='lat' dir='ltr'><strong>glaublich,</strong></span> <span class='ocrx_word' id='word_1_176' title='bbox 1055 1281 1134 1317; x_wconf 89' lang='lat' dir='ltr'><strong>dass</strong></span> <span class='ocrx_word' id='word_1_177' title='bbox 1167 1282 1242 1317; x_wconf 90' lang='lat' dir='ltr'><strong>mit</strong></span> <span class='ocrx_word' id='word_1_178' title='bbox 1273 1282 1401 1328; x_wconf 83' lang='lat' dir='ltr'><strong>jenem</strong></span> <span class='ocrx_word' id='word_1_179' title='bbox 1433 1282 1555 1329; x_wconf 83' lang='lat' dir='ltr'><strong>gewiss</strong></span> <span class='ocrx_word' id='word_1_180' title='bbox 1588 1282 1698 1318; x_wconf 85' lang='lat' dir='ltr'><strong>nieht</strong></span> 
     </span>
     <span class='ocr_line' id='line_1_21' title="bbox 268 1337 1697 1386; baseline 0.001 -12"><span class='ocrx_word' id='word_1_181' title='bbox 268 1337 580 1375; x_wconf 81' lang='lat' dir='ltr'><strong>staatsreehtlieh</strong></span> <span class='ocrx_word' id='word_1_182' title='bbox 604 1338 867 1375; x_wconf 74' lang='lat' dir='ltr'><strong>technieehem</strong></span> <span class='ocrx_word' id='word_1_183' title='bbox 890 1337 1097 1374; x_wconf 79' lang='lat' dir='ltr'><strong>Ausdruek</strong></span> <span class='ocrx_word' id='word_1_184' title='bbox 1120 1341 1241 1375; x_wconf 79' lang='lat' dir='ltr'><strong>etwas</strong></span> <span class='ocrx_word' id='word_1_185' title='bbox 1265 1338 1426 1375; x_wconf 80' lang='lat' dir='ltr'><strong>anderes</strong></span> <span class='ocrx_word' id='word_1_186' title='bbox 1449 1338 1618 1386; x_wconf 85' lang='lat' dir='ltr'><strong>gemeint</strong></span> <span class='ocrx_word' id='word_1_187' title='bbox 1644 1338 1697 1374; x_wconf 86' lang='lat' dir='ltr'><strong>sei</strong></span> 
     </span>
     <span class='ocr_line' id='line_1_22' title="bbox 268 1395 1697 1442; baseline 0.001 -10"><span class='ocrx_word' id='word_1_188' title='bbox 268 1396 327 1432; x_wconf 78' lang='lat' dir='ltr'><strong>als</strong></span> <span class='ocrx_word' id='word_1_189' title='bbox 342 1396 406 1432; x_wconf 90' lang='lat' dir='ltr'><strong>ein</strong></span> <span class='ocrx_word' id='word_1_190' title='bbox 423 1395 690 1442; x_wconf 79' lang='lat' dir='ltr'><strong>municipium,</strong></span> <span class='ocrx_word' id='word_1_191' title='bbox 709 1396 870 1432; x_wconf 84' lang='lat' dir='ltr'><strong>welches</strong></span> <span class='ocrx_word' id='word_1_192' title='bbox 886 1407 936 1431; x_wconf 87' lang='lat' dir='ltr'><strong>zu</strong></span> <span class='ocrx_word' id='word_1_193' title='bbox 952 1396 1076 1432; x_wconf 84' lang='lat' dir='ltr'><strong>seiner</strong></span> <span class='ocrx_word' id='word_1_194' title='bbox 1092 1395 1313 1433; x_wconf 74' lang='lat' dir='ltr'><strong>Aufnahme</strong></span> <span class='ocrx_word' id='word_1_195' title='bbox 1331 1396 1371 1432; x_wconf 89' lang='lat' dir='ltr'><strong>in</strong></span> <span class='ocrx_word' id='word_1_196' title='bbox 1388 1396 1465 1432; x_wconf 89' lang='lat' dir='ltr'><strong>den</strong></span> <span class='ocrx_word' id='word_1_197' title='bbox 1481 1396 1697 1433; x_wconf 65' lang='lat' dir='ltr'><strong>remischen</strong></span> 
     </span>
     <span class='ocr_line' id='line_1_23' title="bbox 269 1452 1102 1501; baseline 0 -11"><span class='ocrx_word' id='word_1_198' title='bbox 269 1453 591 1501; x_wconf 78' lang='lat' dir='ltr'><strong>Biirgerverband</strong></span> <span class='ocrx_word' id='word_1_199' title='bbox 615 1453 760 1490; x_wconf 78' lang='lat' dir='ltr'><strong>fundus</strong></span> <span class='ocrx_word' id='word_1_200' title='bbox 783 1453 986 1501; x_wconf 83' lang='lat' dir='ltr'><strong>geworden</strong></span> <span class='ocrx_word' id='word_1_201' title='bbox 1009 1452 1102 1490; x_wconf 81' lang='lat' dir='ltr'><strong>ist“.</strong></span> 
     </span>
    </p>

    <p class='ocr_par' dir='ltr' id='par_1_3' title="bbox 270 1511 1700 2292">
     <span class='ocr_line' id='line_1_24' title="bbox 370 1511 1698 1558; baseline 0 -11"><span class='ocrx_word' id='word_1_202' title='bbox 370 1511 446 1548; x_wconf 89' lang='lat' dir='ltr'><strong>Sed</strong></span> <span class='ocrx_word' id='word_1_203' title='bbox 472 1512 545 1547; x_wconf 87' lang='lat' dir='ltr'><strong>hae</strong></span> <span class='ocrx_word' id='word_1_204' title='bbox 572 1522 622 1547; x_wconf 83' lang='lat' dir='ltr'><strong>ex</strong></span> <span class='ocrx_word' id='word_1_205' title='bbox 650 1511 876 1558; x_wconf 74' lang='lat' dir='ltr'><strong>quaestione</strong></span> <span class='ocrx_word' id='word_1_206' title='bbox 902 1511 981 1547; x_wconf 89' lang='lat' dir='ltr'><strong>iam</strong></span> <span class='ocrx_word' id='word_1_207' title='bbox 1008 1511 1085 1547; x_wconf 84' lang='lat' dir='ltr'><strong>alia</strong></span> <span class='ocrx_word' id='word_1_208' title='bbox 1110 1511 1296 1554; x_wconf 77' lang='lat' dir='ltr'><strong>nascitur,</strong></span> <span class='ocrx_word' id='word_1_209' title='bbox 1325 1522 1424 1558; x_wconf 85' lang='lat' dir='ltr'><strong>quae</strong></span> <span class='ocrx_word' id='word_1_210' title='bbox 1451 1511 1619 1547; x_wconf 83' lang='lat' dir='ltr'><strong>maxime</strong></span> <span class='ocrx_word' id='word_1_211' title='bbox 1646 1511 1698 1547; x_wconf 85' lang='lat' dir='ltr'><strong>ad</strong></span> 
     </span>
     <span class='ocr_line' id='line_1_25' title="bbox 270 1567 1698 1616; baseline 0.001 -11"><span class='ocrx_word' id='word_1_212' title='bbox 270 1580 427 1605; x_wconf 82' lang='lat' dir='ltr'><strong>eausam</strong></span> <span class='ocrx_word' id='word_1_213' title='bbox 452 1568 566 1605; x_wconf 83' lang='lat' dir='ltr'><strong>Balbi</strong></span> <span class='ocrx_word' id='word_1_214' title='bbox 590 1572 756 1616; x_wconf 84' lang='lat' dir='ltr'><strong>spectat,</strong></span> <span class='ocrx_word' id='word_1_215' title='bbox 780 1572 901 1616; x_wconf 84' lang='lat' dir='ltr'><strong>atque</strong></span> <span class='ocrx_word' id='word_1_216' title='bbox 925 1579 972 1605; x_wconf 88' lang='lat' dir='ltr'><strong>ea</strong></span> <span class='ocrx_word' id='word_1_217' title='bbox 995 1567 1202 1612; x_wconf 84' lang='lat' dir='ltr'><strong>difficilior,</strong></span> <span class='ocrx_word' id='word_1_218' title='bbox 1229 1580 1348 1616; x_wconf 86' lang='lat' dir='ltr'><strong>quam</strong></span> <span class='ocrx_word' id='word_1_219' title='bbox 1371 1568 1633 1605; x_wconf 78' lang='lat' dir='ltr'><strong>Mommsenus</strong></span> <span class='ocrx_word' id='word_1_220' title='bbox 1657 1569 1698 1606; x_wconf 91' lang='lat' dir='ltr'><strong>in</strong></span> 
     </span>
     <span class='ocr_line' id='line_1_26' title="bbox 271 1622 1698 1674; baseline -0.001 -11"><span class='ocrx_word' id='word_1_221' title='bbox 271 1628 371 1663; x_wconf 81' lang='lat' dir='ltr'><strong>hano</strong></span> <span class='ocrx_word' id='word_1_222' title='bbox 397 1626 563 1662; x_wconf 82' lang='lat' dir='ltr'><strong>formam</strong></span> <span class='ocrx_word' id='word_1_223' title='bbox 578 1626 774 1673; x_wconf 82' lang='lat' dir='ltr'><strong>redegit²):</strong></span> <span class='ocrx_word' id='word_1_224' title='bbox 817 1654 858 1669; x_wconf 86' lang='lat'><strong>,‚.</strong></span> <span class='ocrx_word' id='word_1_225' title='bbox 874 1655 883 1664; x_wconf 88' lang='lat'><strong>.</strong></span> <span class='ocrx_word' id='word_1_226' title='bbox 899 1655 907 1663; x_wconf 92' lang='lat'>.</span> <span class='ocrx_word' id='word_1_227' title='bbox 924 1655 932 1663; x_wconf 95' lang='lat'><strong>.</strong></span> <span class='ocrx_word' id='word_1_228' title='bbox 956 1626 1007 1662; x_wconf 94' lang='lat' dir='ltr'><strong>ob</strong></span> <span class='ocrx_word' id='word_1_229' title='bbox 1032 1626 1095 1662; x_wconf 91' lang='lat' dir='ltr'><strong>die</strong></span> <span class='ocrx_word' id='word_1_230' title='bbox 1120 1627 1308 1663; x_wconf 80' lang='lat' dir='ltr'><strong>r6misehe</strong></span> <span class='ocrx_word' id='word_1_231' title='bbox 1328 1622 1537 1663; x_wconf 84' lang='lat' dir='ltr'><strong>Gemeinde</strong></span> <span class='ocrx_word' id='word_1_232' title='bbox 1562 1626 1698 1674; x_wconf 78' lang='lat' dir='ltr'><strong>befugt</strong></span> 
     </span>
     <span class='ocr_line' id='line_1_27' title="bbox 271 1683 1698 1732; baseline 0.001 -13"><span class='ocrx_word' id='word_1_233' title='bbox 271 1685 336 1727; x_wconf 83' lang='lat' dir='ltr'><strong>ist,</strong></span> <span class='ocrx_word' id='word_1_234' title='bbox 367 1683 428 1719; x_wconf 91' lang='lat' dir='ltr'><strong>ihr</strong></span> <span class='ocrx_word' id='word_1_235' title='bbox 458 1683 713 1731; x_wconf 81' lang='lat' dir='ltr'><strong>Biirgerrecht</strong></span> <span class='ocrx_word' id='word_1_236' title='bbox 742 1684 833 1720; x_wconf 91' lang='lat' dir='ltr'><strong>dem</strong></span> <span class='ocrx_word' id='word_1_237' title='bbox 864 1684 1011 1731; x_wconf 85' lang='lat' dir='ltr'><strong>Biirger</strong></span> <span class='ocrx_word' id='word_1_238' title='bbox 1039 1684 1145 1720; x_wconf 84' lang='lat' dir='ltr'><strong>einer</strong></span> <span class='ocrx_word' id='word_1_239' title='bbox 1174 1683 1591 1732; x_wconf 70' lang='lat' dir='ltr'><strong>bundesgenossisehen</strong></span> <span class='ocrx_word' id='word_1_240' title='bbox 1625 1683 1698 1721; x_wconf 88' lang='lat' dir='ltr'><strong>Ge·</strong></span> 
     </span>
     <span class='ocr_line' id='line_1_28' title="bbox 272 1740 1698 1787; baseline 0 -10"><span class='ocrx_word' id='word_1_241' title='bbox 272 1741 426 1777; x_wconf 88' lang='lat' dir='ltr'><strong>meinde</strong></span> <span class='ocrx_word' id='word_1_242' title='bbox 455 1740 631 1787; x_wconf 81' lang='lat' dir='ltr'><strong>einseitig</strong></span> <span class='ocrx_word' id='word_1_243' title='bbox 662 1753 710 1777; x_wconf 89' lang='lat' dir='ltr'><strong>zu</strong></span> <span class='ocrx_word' id='word_1_244' title='bbox 741 1740 947 1784; x_wconf 85' lang='lat' dir='ltr'><strong>verleihen‚</strong></span> <span class='ocrx_word' id='word_1_245' title='bbox 979 1752 1022 1776; x_wconf 85' lang='lat' dir='ltr'><strong>so</strong></span> <span class='ocrx_word' id='word_1_246' title='bbox 1052 1741 1144 1784; x_wconf 87' lang='lat' dir='ltr'><strong>dass,</strong></span> <span class='ocrx_word' id='word_1_247' title='bbox 1177 1752 1288 1777; x_wconf 87' lang='lat' dir='ltr'><strong>wenn</strong></span> <span class='ocrx_word' id='word_1_248' title='bbox 1318 1753 1360 1777; x_wconf 90' lang='lat' dir='ltr'><strong>er</strong></span> <span class='ocrx_word' id='word_1_249' title='bbox 1390 1741 1595 1784; x_wconf 89' lang='lat' dir='ltr'><strong>annimmt,</strong></span> <span class='ocrx_word' id='word_1_250' title='bbox 1626 1741 1698 1777; x_wconf 76' lang='lat' dir='ltr'><strong>das</strong></span> 
     </span>
     <span class='ocr_line' id='line_1_29' title="bbox 270 1797 1698 1844; baseline 0 -10"><span class='ocrx_word' id='word_1_251' title='bbox 270 1797 461 1844; x_wconf 82' lang='lat' dir='ltr'><strong>bisherige</strong></span> <span class='ocrx_word' id='word_1_252' title='bbox 491 1797 748 1844; x_wconf 82' lang='lat' dir='ltr'><strong>Biirgerreeht</strong></span> <span class='ocrx_word' id='word_1_253' title='bbox 778 1797 1021 1844; x_wconf 65' lang='lat' dir='ltr'><strong>auigehoben</strong></span> <span class='ocrx_word' id='word_1_254' title='bbox 1051 1798 1116 1840; x_wconf 80' lang='lat' dir='ltr'><strong>ist,</strong></span> <span class='ocrx_word' id='word_1_255' title='bbox 1147 1797 1241 1833; x_wconf 82' lang='lat' dir='ltr'><strong>oder</strong></span> <span class='ocrx_word' id='word_1_256' title='bbox 1270 1797 1321 1834; x_wconf 90' lang='lat' dir='ltr'><strong>ob</strong></span> <span class='ocrx_word' id='word_1_257' title='bbox 1351 1797 1483 1834; x_wconf 79' lang='lat' dir='ltr'><strong>hierzu</strong></span> <span class='ocrx_word' id='word_1_258' title='bbox 1511 1798 1576 1833; x_wconf 86' lang='lat' dir='ltr'><strong>die</strong></span> <span class='ocrx_word' id='word_1_259' title='bbox 1607 1797 1698 1834; x_wconf 79' lang='lat' dir='ltr'><strong>Ein-</strong></span> 
     </span>
     <span class='ocr_line' id='line_1_30' title="bbox 271 1853 1697 1902; baseline 0 -12"><span class='ocrx_word' id='word_1_260' title='bbox 271 1853 466 1902; x_wconf 82' lang='lat' dir='ltr'><strong>willigung</strong></span> <span class='ocrx_word' id='word_1_261' title='bbox 479 1855 580 1890; x_wconf 85' lang='lat' dir='ltr'><strong>auch</strong></span> <span class='ocrx_word' id='word_1_262' title='bbox 593 1854 664 1891; x_wconf 87' lang='lat' dir='ltr'><strong>der</strong></span> <span class='ocrx_word' id='word_1_263' title='bbox 676 1854 1094 1902; x_wconf 65' lang='lat' dir='ltr'><strong>bundesgenassischen</strong></span> <span class='ocrx_word' id='word_1_264' title='bbox 1110 1853 1320 1890; x_wconf 83' lang='lat' dir='ltr'><strong>Gemeinde</strong></span> <span class='ocrx_word' id='word_1_265' title='bbox 1332 1854 1521 1890; x_wconf 77' lang='lat' dir='ltr'><strong>erfordert</strong></span> <span class='ocrx_word' id='word_1_266' title='bbox 1533 1854 1697 1900; x_wconf 80' lang='lat' dir='ltr'><strong>wird“⁸).</strong></span> 
     </span>
     <span class='ocr_line' id='line_1_31' title="bbox 272 1911 1698 1959; baseline -0.001 -10"><span class='ocrx_word' id='word_1_267' title='bbox 272 1912 341 1949; x_wconf 87' lang='lat' dir='ltr'><strong>Vir</strong></span> <span class='ocrx_word' id='word_1_268' title='bbox 371 1912 631 1956; x_wconf 80' lang='lat' dir='ltr'><strong>doctissimus,</strong></span> <span class='ocrx_word' id='word_1_269' title='bbox 672 1924 761 1949; x_wconf 86' lang='lat' dir='ltr'><strong>cum</strong></span> <span class='ocrx_word' id='word_1_270' title='bbox 791 1912 897 1948; x_wconf 64' lang='lat' dir='ltr'><strong>haee&gt;</strong></span> <span class='ocrx_word' id='word_1_271' title='bbox 920 1911 1085 1959; x_wconf 76' lang='lat' dir='ltr'><strong>scripsit,</strong></span> <span class='ocrx_word' id='word_1_272' title='bbox 1122 1911 1316 1959; x_wconf 77' lang='lat' dir='ltr'><strong>spectavit</strong></span> <span class='ocrx_word' id='word_1_273' title='bbox 1348 1911 1400 1948; x_wconf 87' lang='lat' dir='ltr'><strong>ad</strong></span> <span class='ocrx_word' id='word_1_274' title='bbox 1431 1911 1559 1948; x_wconf 87' lang='lat' dir='ltr'><strong>loeum</strong></span> <span class='ocrx_word' id='word_1_275' title='bbox 1590 1912 1698 1949; x_wconf 88' lang='lat' dir='ltr'><strong>illum</strong></span> 
     </span>
     <span class='ocr_line' id='line_1_32' title="bbox 270 1968 1699 2018; baseline 0 -12"><span class='ocrx_word' id='word_1_276' title='bbox 270 1969 457 2006; x_wconf 80' lang='lat' dir='ltr'><strong>orationis</strong></span> <span class='ocrx_word' id='word_1_277' title='bbox 496 1969 710 2008; x_wconf 88' lang='lat' dir='ltr'><strong>Balbianae</strong></span> <span class='ocrx_word' id='word_1_278' title='bbox 749 1968 878 2015; x_wconf 82' lang='lat' dir='ltr'><strong>(Vm,</strong></span> <span class='ocrx_word' id='word_1_279' title='bbox 918 1971 998 2015; x_wconf 85' lang='lat'>21):</span> <span class='ocrx_word' id='word_1_280' title='bbox 1039 1969 1124 2016; x_wconf 79' lang='lat' dir='ltr'><strong>ipsa</strong></span> <span class='ocrx_word' id='word_1_281' title='bbox 1155 1968 1321 2016; x_wconf 88' lang='lat' dir='ltr'><strong>denique</strong></span> <span class='ocrx_word' id='word_1_282' title='bbox 1353 1968 1465 2013; x_wconf 88' lang='lat' dir='ltr'><strong>Iulia,</strong></span> <span class='ocrx_word' id='word_1_283' title='bbox 1509 1981 1587 2016; x_wconf 88' lang='lat' dir='ltr'><strong>qua</strong></span> <span class='ocrx_word' id='word_1_284' title='bbox 1616 1969 1699 2018; x_wconf 83' lang='lat' dir='ltr'><strong>lege</strong></span> 
     </span>
     <span class='ocr_line' id='line_1_33' title="bbox 271 2026 1699 2074; baseline 0.001 -11"><span class='ocrx_word' id='word_1_285' title='bbox 271 2027 410 2063; x_wconf 82' lang='lat' dir='ltr'><strong>civitas</strong></span> <span class='ocrx_word' id='word_1_286' title='bbox 444 2029 505 2064; x_wconf 86' lang='lat' dir='ltr'><strong>est</strong></span> <span class='ocrx_word' id='word_1_287' title='bbox 540 2027 653 2063; x_wconf 76' lang='lat' dir='ltr'><strong>sociis</strong></span> <span class='ocrx_word' id='word_1_288' title='bbox 687 2030 729 2063; x_wconf 88' lang='lat' dir='ltr'><strong>et</strong></span> <span class='ocrx_word' id='word_1_289' title='bbox 759 2027 911 2064; x_wconf 76' lang='lat' dir='ltr'><strong>Latinis</strong></span> <span class='ocrx_word' id='word_1_290' title='bbox 945 2027 1053 2070; x_wconf 84' lang='lat' dir='ltr'><strong>data,</strong></span> <span class='ocrx_word' id='word_1_291' title='bbox 1097 2027 1165 2073; x_wconf 90' lang='lat' dir='ltr'><strong>qui</strong></span> <span class='ocrx_word' id='word_1_292' title='bbox 1200 2026 1311 2062; x_wconf 75' lang='lat' dir='ltr'><strong>fundi</strong></span> <span class='ocrx_word' id='word_1_293' title='bbox 1337 2026 1471 2074; x_wconf 86' lang='lat' dir='ltr'><strong>populi</strong></span> <span class='ocrx_word' id='word_1_294' title='bbox 1497 2027 1601 2063; x_wconf 56' lang='lat' dir='ltr'><strong>faeti&gt;</strong></span> <span class='ocrx_word' id='word_1_295' title='bbox 1619 2038 1699 2064; x_wconf 90' lang='lat' dir='ltr'><strong>non</strong></span> 
     </span>
     <span class='ocr_line' id='line_1_34' title="bbox 270 2084 1698 2131; baseline 0 -11"><span class='ocrx_word' id='word_1_296' title='bbox 270 2087 411 2127; x_wconf 81' lang='lat' dir='ltr'><strong>essent,</strong></span> <span class='ocrx_word' id='word_1_297' title='bbox 439 2084 642 2121; x_wconf 78' lang='lat' dir='ltr'><strong>civitatem</strong></span> <span class='ocrx_word' id='word_1_298' title='bbox 668 2095 748 2120; x_wconf 90' lang='lat' dir='ltr'><strong>non</strong></span> <span class='ocrx_word' id='word_1_299' title='bbox 775 2084 982 2120; x_wconf 81' lang='lat' dir='ltr'><strong>haberent:</strong></span> <span class='ocrx_word' id='word_1_300' title='bbox 1016 2084 1058 2119; x_wconf 92' lang='lat' dir='ltr'><strong>in</strong></span> <span class='ocrx_word' id='word_1_301' title='bbox 1086 2095 1163 2130; x_wconf 88' lang='lat' dir='ltr'><strong>quo</strong></span> <span class='ocrx_word' id='word_1_302' title='bbox 1189 2095 1331 2131; x_wconf 79' lang='lat' dir='ltr'><strong>magna</strong></span> <span class='ocrx_word' id='word_1_303' title='bbox 1354 2085 1552 2121; x_wconf 81' lang='lat' dir='ltr'><strong>eontentio</strong></span> <span class='ocrx_word' id='word_1_304' title='bbox 1577 2085 1698 2121; x_wconf 78' lang='lat' dir='ltr'><strong>Hera-</strong></span> 
     </span>
     <span class='ocr_line' id='line_1_35' title="bbox 271 2140 1699 2188; baseline 0 -11"><span class='ocrx_word' id='word_1_305' title='bbox 271 2141 470 2179; x_wconf 80' lang='lat' dir='ltr'><strong>cliensium</strong></span> <span class='ocrx_word' id='word_1_306' title='bbox 503 2145 545 2177; x_wconf 92' lang='lat' dir='ltr'><strong>et</strong></span> <span class='ocrx_word' id='word_1_307' title='bbox 578 2141 928 2188; x_wconf 83' lang='lat' dir='ltr'><strong>Neapolitanorum</strong></span> <span class='ocrx_word' id='word_1_308' title='bbox 960 2140 1050 2183; x_wconf 76' lang='lat' dir='ltr'><strong>fuit,</strong></span> <span class='ocrx_word' id='word_1_309' title='bbox 1085 2152 1174 2176; x_wconf 87' lang='lat' dir='ltr'><strong>oum</strong></span> <span class='ocrx_word' id='word_1_310' title='bbox 1201 2152 1343 2188; x_wconf 87' lang='lat' dir='ltr'><strong>magna</strong></span> <span class='ocrx_word' id='word_1_311' title='bbox 1363 2151 1454 2188; x_wconf 78' lang='lat' dir='ltr'><strong>pars</strong></span> <span class='ocrx_word' id='word_1_312' title='bbox 1475 2142 1516 2177; x_wconf 88' lang='lat' dir='ltr'><strong>in</strong></span> <span class='ocrx_word' id='word_1_313' title='bbox 1537 2141 1584 2177; x_wconf 79' lang='lat' dir='ltr'><strong>iis</strong></span> <span class='ocrx_word' id='word_1_314' title='bbox 1605 2142 1699 2178; x_wconf 81' lang='lat' dir='ltr'><strong>eivi-</strong></span> 
     </span>
     <span class='ocr_line' id='line_1_36' title="bbox 271 2196 1699 2245; baseline 0 -11"><span class='ocrx_word' id='word_1_315' title='bbox 271 2198 421 2234; x_wconf 86' lang='lat' dir='ltr'><strong>tatibus</strong></span> <span class='ocrx_word' id='word_1_316' title='bbox 445 2197 610 2234; x_wconf 78' lang='lat' dir='ltr'><strong>foederis</strong></span> <span class='ocrx_word' id='word_1_317' title='bbox 635 2198 695 2234; x_wconf 79' lang='lat' dir='ltr'><strong>sui</strong></span> <span class='ocrx_word' id='word_1_318' title='bbox 720 2197 942 2234; x_wconf 80' lang='lat' dir='ltr'><strong>libertatem</strong></span> <span class='ocrx_word' id='word_1_319' title='bbox 967 2196 1119 2233; x_wconf 74' lang='lat' dir='ltr'><strong>civitati</strong></span> <span class='ocrx_word' id='word_1_320' title='bbox 1144 2197 1365 2235; x_wconf 78' lang='lat' dir='ltr'><strong>anteferret.</strong></span> <span class='ocrx_word' id='word_1_321' title='bbox 1425 2198 1487 2235; x_wconf 83' lang='lat' dir='ltr'><strong>Ex</strong></span> <span class='ocrx_word' id='word_1_322' title='bbox 1512 2209 1590 2245; x_wconf 89' lang='lat' dir='ltr'><strong>quo</strong></span> <span class='ocrx_word' id='word_1_323' title='bbox 1614 2197 1699 2234; x_wconf 85' lang='lat' dir='ltr'><strong>loeo</strong></span> 
     </span>
     <span class='ocr_line' id='line_1_37' title="bbox 271 2252 1700 2292; baseline 0.001 -1"><span class='ocrx_word' id='word_1_324' title='bbox 271 2255 448 2291; x_wconf 81' lang='lat' dir='ltr'><strong>videmus</strong></span> <span class='ocrx_word' id='word_1_325' title='bbox 468 2256 509 2291; x_wconf 94' lang='lat' dir='ltr'><strong>in</strong></span> <span class='ocrx_word' id='word_1_326' title='bbox 527 2255 601 2291; x_wconf 81' lang='lat' dir='ltr'><strong>illis</strong></span> <span class='ocrx_word' id='word_1_327' title='bbox 617 2255 846 2292; x_wconf 77' lang='lat' dir='ltr'><strong>civitatibus</strong></span> <span class='ocrx_word' id='word_1_328' title='bbox 861 2254 1053 2291; x_wconf 79' lang='lat' dir='ltr'><strong>libertatis</strong></span> <span class='ocrx_word' id='word_1_329' title='bbox 1068 2252 1199 2291; x_wconf 85' lang='lat' dir='ltr'><strong>amore</strong></span> <span class='ocrx_word' id='word_1_330' title='bbox 1212 2255 1418 2292; x_wconf 76' lang='lat' dir='ltr'><strong>nonnullos</strong></span> <span class='ocrx_word' id='word_1_331' title='bbox 1435 2255 1700 2292; x_wconf 72' lang='lat' dir='ltr'><strong>inflammatos</strong></span> 
     </span>
    </p>
   </div>
   <div class='ocr_carea' id='block_1_3' title="bbox 305 2346 501 2351">
    <p class='ocr_par' dir='ltr' id='par_1_4' title="bbox 305 2346 501 2351">
     <span class='ocr_line' id='line_1_38' title="bbox 305 2346 501 2351; baseline 0 0"><span class='ocrx_word' id='word_1_332' title='bbox 305 2346 501 2351; x_wconf 95' lang='lat' dir='ltr'><strong> </strong></span> 
     </span>
    </p>
   </div>
   <div class='ocr_carea' id='block_1_4' title="bbox 430 2397 876 2532">
    <p class='ocr_par' dir='ltr' id='par_1_5' title="bbox 430 2397 876 2532">
     <span class='ocr_line' id='line_1_39' title="bbox 430 2397 797 2436; baseline 0 -10"><span class='ocrx_word' id='word_1_333' title='bbox 430 2397 473 2426; x_wconf 81' lang='lat' dir='ltr'><strong>R.</strong></span> <span class='ocrx_word' id='word_1_334' title='bbox 490 2397 533 2426; x_wconf 85' lang='lat' dir='ltr'><strong>R.</strong></span> <span class='ocrx_word' id='word_1_335' title='bbox 553 2397 593 2427; x_wconf 79' lang='lat' dir='ltr'><strong>G.</strong></span> <span class='ocrx_word' id='word_1_336' title='bbox 617 2397 646 2432; x_wconf 86' lang='lat'><strong>1,</strong></span> <span class='ocrx_word' id='word_1_337' title='bbox 669 2407 703 2436; x_wconf 87' lang='lat' dir='ltr'><strong>p.</strong></span> <span class='ocrx_word' id='word_1_338' title='bbox 723 2398 797 2428; x_wconf 82' lang='lat'><strong>298.</strong></span> 
     </span>
     <span class='ocr_line' id='line_1_40' title="bbox 430 2444 876 2484; baseline 0 -10"><span class='ocrx_word' id='word_1_339' title='bbox 430 2445 472 2474; x_wconf 84' lang='lat' dir='ltr'><strong>R.</strong></span> <span class='ocrx_word' id='word_1_340' title='bbox 492 2444 542 2475; x_wconf 87' lang='lat' dir='ltr'><strong>St.</strong></span> <span class='ocrx_word' id='word_1_341' title='bbox 559 2445 602 2475; x_wconf 84' lang='lat' dir='ltr'><strong>R.</strong></span> <span class='ocrx_word' id='word_1_342' title='bbox 626 2444 710 2480; x_wconf 83' lang='lat'>111¹,</span> <span class='ocrx_word' id='word_1_343' title='bbox 734 2454 768 2484; x_wconf 89' lang='lat' dir='ltr'><strong>p.</strong></span> <span class='ocrx_word' id='word_1_344' title='bbox 789 2445 876 2476; x_wconf 76' lang='lat'><strong>697..</strong></span> 
     </span>
     <span class='ocr_line' id='line_1_41' title="bbox 431 2492 733 2532; baseline 0 -9"><span class='ocrx_word' id='word_1_345' title='bbox 431 2492 480 2523; x_wconf 82' lang='lat' dir='ltr'><strong>Of.</strong></span> <span class='ocrx_word' id='word_1_346' title='bbox 505 2492 604 2528; x_wconf 85' lang='lat' dir='ltr'><strong>Reid,</strong></span> <span class='ocrx_word' id='word_1_347' title='bbox 626 2503 660 2532; x_wconf 87' lang='lat' dir='ltr'><strong>p.</strong></span> <span class='ocrx_word' id='word_1_348' title='bbox 683 2494 733 2523; x_wconf 90' lang='lat'><strong>11.</strong></span> 
     </span>
    </p>
   </div>
   <div class='ocr_carea' id='block_1_5' title="bbox 381 2397 395 2512">
    <p class='ocr_par' dir='ltr' id='par_1_6' title="bbox 381 2397 395 2512">
     <span class='ocr_line' id='line_1_42' title="bbox 383 2397 395 2415; baseline 0 0"><span class='ocrx_word' id='word_1_349' title='bbox 383 2397 395 2415; x_wconf 84' lang='lat'>1</span> 
     </span>
     <span class='ocr_line' id='line_1_43' title="bbox 381 2444 395 2463; baseline 0 0"><span class='ocrx_word' id='word_1_350' title='bbox 381 2444 395 2463; x_wconf 71' lang='grc' dir='ltr'>ί</span> 
     </span>
     <span class='ocr_line' id='line_1_44' title="bbox 382 2492 395 2512; baseline 0 0"><span class='ocrx_word' id='word_1_351' title='bbox 382 2492 395 2512; x_wconf 72' lang='lat'><em>8</em></span> 
     </span>
    </p>
   </div>
   <div class='ocr_carea' id='block_1_6' title="bbox 397 2399 408 2530">
    <p class='ocr_par' dir='ltr' id='par_1_7' title="bbox 397 2399 408 2530">
     <span class='ocr_line' id='line_1_45' title="bbox 397 2399 408 2530; textangle 90"><span class='ocrx_word' id='word_1_352' title='bbox 397 2399 408 2530; x_wconf 52' lang='lat' dir='ltr'><strong>sas-av</strong></span> 
     </span>
    </p>
   </div>
  </div>
 </body>
</html>
