1965 3015
800 147 1037 183 ...13—

209 249 299 281 cum
320 247 405 283 viro
425 248 541 284 docto
562 248 715 291 faciam,
738 249 805 295 qui
826 248 1027 284 contendit
1048 248 1262 283 orationem
1284 246 1516 281 Balbianam
1536 247 1630 280 ante

209 301 353 340 iudices
372 304 519 343 iuratos
538 317 620 343 esse
643 305 832 343 habitam.
874 305 932 343 Of.
953 305 1158 353 praecipue
1177 315 1216 353 p.
1240 306 1323 341 243.
1356 299 1498 347 „Aber
1517 312 1630 339 wenn

208 361 319 398 nicht
359 362 631 400 Geschworene
668 363 862 406 urteilten,
901 363 1037 400 musste
1073 362 1143 399 der
1180 362 1391 399 stadtische
1429 360 1523 397 oder
1559 359 1630 396 der

208 416 531 468 Fremdenprator
565 420 824 458 entscheiden.
897 420 1032 458 Dieser
1066 420 1178 457 hatte
1214 420 1344 456 seinen
1381 418 1527 461 Beirat,
1564 416 1629 453 die

206 475 393 513 ebenfalls
426 478 586 515 Richter
618 481 790 526 genannt
823 478 992 515 wurden.
1062 477 1246 514 Indessen
1281 477 1335 512 sie
1368 476 1508 512 hatten
1541 475 1627 510 eine

207 532 428 579 beratende,
458 535 569 572 nicht
597 535 893 573 entscheidende
926 535 1101 579 Stimme,
1131 534 1214 571 und
1243 534 1313 570 der
1342 533 1482 570 Prator
1512 531 1628 569 allein

207 602 286 627 war
310 592 374 627 fiir
389 592 470 628 'das
494 593 620 629 Urteil
643 593 967 630 verantwortlich.
1019 591 1190 639 Folglich
1216 592 1351 627 musste
1376 591 1446 627 der
1471 589 1628 626 Redner

204 647 336 685 diesen
368 648 482 687 allein
514 649 722 688 anreden.“
787 649 1062 687 Huiuscemodi
1094 652 1227 686 autem
1258 648 1406 686 nullam
1437 647 1627 685 habemus

206 705 489 755 allocutionem,
517 719 630 752 nemo
658 707 876 757 appellatur
901 708 975 744 nisi
1002 707 1164 751 iudices;
1207 718 1306 754 quae
1333 718 1423 743 cum
1447 706 1505 742 ita
1532 705 1624 748 sint,

206 763 277 799 1100
291 763 435 800 iudices
448 776 528 802 11011
543 776 746 813 possumus
761 765 953 813 appellare
967 765 1042 801 nisi
1057 764 1201 801 iudices
1216 765 1363 800 iuratos
1381 763 1444 810 (cf.
1465 763 1627 810 Gasquy

205 832 246 867 p.
269 823 291 855 8
311 821 425 867 med).
467 822 628 859 Praetor
647 834 716 870 per
735 834 787 866 se,
809 823 910 859 sicut
929 823 970 860 in
991 822 1075 858 aliis
1095 822 1232 865 causis,
1253 821 1302 857 de
1323 820 1448 857 Balbo
1467 831 1547 857 non
1568 821 1623 856 iu-

202 876 374 921 dicabat,
416 880 490 915 etsi
530 880 606 916 toti
647 891 786 916 causae
826 882 1020 927 praeerat3
1077 878 1202 925 qualis
1242 878 1372 921 fuerit,
1414 877 1624 919 nescimus;

205 934 429 977 „sicherlich
460 936 565 973 einer
595 948 675 973 von
706 936 844 979 denen,
878 936 1019 972 welche
1051 935 1148 971 iiber
1178 935 1350 983 gemeine
1382 933 1626 971 Verbrechen
1658 978 1663 982 η

204 991 367 1027 urteilen
399 993 609 1040 (Zumpt)“.
672 994 794 1029 Recte
816 993 1023 1039 Gasquyus
1055 995 1189 1028 monet
1224 992 1396 1027 iudicum
1419 1002 1625 1027 numerum

203 1047 361 1084 minime
395 1052 572 1086 constare
606 1052 800 1097 putatque
829 1070 880 1077 ——
903 1060 990 1085 mea
1026 1048 1184 1096 quidem
1219 1048 1413 1084 sententia
1447 1050 1551 1084 recte
1575 1068 1626 1073 -—

202 1116 360 1142 causam
401 1107 507 1154 apud
548 1108 804 1154 quaesitorem
846 1108 871 1142 i.
907 1118 942 1142 e.
979 1106 1216 1153 quaestionis
1256 1105 1501 1153 praesideml)
1542 1116 1625 1141 0000

202 1166 435 1210 peroratam.

299 1230 441 1266 Videas
451 1231 618 1274 interim,
634 1234 681 1268 ut
691 1243 750 1275 ea,
767 1243 867 1278 quae
878 1233 1002 1268 oratio
1014 1232 1225 1274 contineat,
1241 1230 1391 1267 facilius
1403 1242 1622 1278 cognoscaS,

202 1298 302 1333 quae
328 1286 578 1325 Drumannus
604 1288 654 1325 de
680 1290 735 1325 eis
761 1289 903 1326 dixerit
932 1289 1018 1335 (112,
1048 1287 1291 1325 5163--51712
1318 1300 1351 1324 0.
1380 1287 1531 1333 0(11111.);
1572 1287 1623 1324 (10

200 1343 450 1390 dispositione
468 1356 561 1381 vero
580 1346 620 1381 in
640 1347 813 1382 oratione
832 1346 1097 1393 componenda
1116 1345 1293 1381 adhibita
1311 1344 1428 1381 velim
1447 1345 1623 1380 conferas

201 1399 417 1440 Hocheium
434 1402 536 1449 (pgg.
552 1405 725 1449 10—16);
746 1403 795 1439 (10
815 1406 902 1439 tota
915 1414 1031 1439 causa
1043 1403 1268 1450 Zumptium
1284 1404 1386 1449 (pgg.
1400 1403 1619 1447 270—274).

297 1476 359 1513 Ex
385 1478 452 1521 eis,
489 1489 588 1525 quae
614 1482 750 1526 postea
776 1479 900 1515 Balbo
927 1479 1183 1527 contigerunt,
1220 1479 1315 1515 satis
1341 1481 1505 1525 apparet
1530 1489 1620 1514 eum

200 1545 282 1570 esse
307 1534 542 1573 absolutum.

296 1611 402 1654 Quae
421 1624 510 1649 cum
529 1616 687 1660 peracta
705 1616 818 1656 esset,
847 1612 900 1649 M.
918 1612 1066 1650 Tullius
1085 1625 1175 1649 cum
1191 1612 1316 1649 Balbo
1335 1624 1428 1649 vera
1450 1612 1622 1649 amicitia

199 1669 240 1705 in
266 1672 498 1716 perpetuum
524 1671 752 1707 coniunctus
777 1682 859 1707 0000
886 1671 1111 1714 videbatur;
1151 1673 1286 1707 tamen
1312 1673 1476 1718 uterque
1502 1670 1622 1707 etiam

197 1726 351 1762 diversa
369 1728 615 1773 sequebatur,
635 1728 709 1771 ille,
730 1731 777 1764 ut
795 1740 836 1764 00
855 1731 991 1764 contra
1009 1728 1144 1764 dolosa
1162 1728 1228 1764 illa
1247 1727 1417 1771 consilia,
1436 1727 1621 1771 fallacias,

198 1783 356 1820 insidias
377 1787 608 1832 protegeret,
632 1796 731 1831 quae
755 1785 849 1832 quin
871 1784 972 1821 010111
995 1797 1019 1821 a
1041 1784 1174 1822 Clodio
1197 1785 1270 1822 sibi
1292 1787 1522 1832 pararentur
1542 1796 1622 1821 non

197 1838 425 1884 dubitabat3
453 1841 528 1884 hic,
542 1845 589 1878 ut
602 1840 834 1886 Ciceronem,
848 1853 898 1878 ne
910 1842 1256 1878 vehementissimis
1269 1842 1397 1878 verbis
1409 1843 1622 1879 triumviris

198 1897 435 1935 obtrectaret
462 1910 560 1935 neve
589 1899 734 1936 diceret
762 1911 802 1935 se
830 1899 970 1942 dolere,
1002 1899 1107 1946 quod
1134 1911 1195 1935 res
1223 1899 1378 1946 publica
1406 1899 1551 1936 talibus
1580 1900 1620 1936 in

196 1955 312 1991 rebus
333 1955 532 2002 implicata
553 1959 666 1999 esset,
690 1956 905 2003 impediret.
954 1956 1087 2003 Saepe,
1110 1957 1230 1991 etiam
1252 1967 1354 1992 anno
1379 1959 1427 1991 54
1448 1956 1617 2000 ineunte,

305 2114 329 2151 1)
346 2114 396 2144 Of.
416 2114 603 2145 Junienum
617 2124 652 2154 p.
671 2115 712 2144 64
727 2115 807 2146 adn.
826 2116 846 2145 2
852 2126 862 2150 ς
890 2115 1068 2146 Forcellini
1083 2116 1148 2145 lex.
1166 2116 1242 2146 Tot.
1261 2116 1336 2146 Lat.
1354 2116 1396 2150 V,
1413 2125 1447 2155 p.
1469 2118 1518 2150 16,
1535 2126 1563 2146 0.
1581 2126 1614 2145 v.

196 2160 368 2201 quaesitor
386 2162 422 2192 22
447 2161 631 2202 Praecipue
647 2165 700 2192 est
712 2161 825 2197 iudex,
845 2161 904 2202 qui
916 2162 1040 2194 iudicio
1052 2163 1189 2202 publico
1201 2172 1261 2194 0011
1274 2163 1412 2203 capitali
1426 2163 1617 2203 quaestioni

195 2213 276 2240 o'um
292 2208 367 2239 aliis
385 2208 552 2240 iudicibus
569 2212 714 2250 praeest,
735 2209 794 2250 qui
813 2219 892 2241 cum
910 2210 1144 2250 quaestionem
1161 2211 1304 2247 habeat;
1342 2234 1350 2241 .
1364 2234 1371 2241 .
1385 2234 1393 2241 .
1407 2234 1414 2242 .
1439 2212 1536 2243 sedet
1553 2221 1616 2252 pro

195 2255 358 2287 tribunali
376 2279 384 2287 .
397 2279 406 2287 .
419 2279 427 2287 .
440 2279 448 2287 .
471 2274 505 2280 --
527 2257 696 2288 Discimus
715 2258 942 2296 quaesitorem
957 2258 1026 2290 dici
1041 2259 1149 2290 etiam
1163 2262 1366 2299 praetorem,
1384 2269 1464 2290 cum
1480 2260 1615 2290 011101111-

196 2312 262 2344 que
283 2303 408 2335 iudicio
426 2305 612 2336 exercendo
625 2307 775 2345 praeest:
803 2305 937 2346 proprie
952 2308 1070 2337 autem
1082 2314 1173 2342 eum,
1189 2306 1249 2347 qui
1262 2309 1398 2347 praeest
1412 2306 1615 2347 quaestioni-

195 2352 260 2384 bus
273 2351 502 2384 criminalibus
516 2352 588 2384 sive
602 2356 740 2393 praetor
753 2356 807 2385 est
821 2353 892 2385 sive
905 2364 977 2386 non
990 2357 1054 2386 est.
1073 2373 1106 2378 —-
1124 2355 1174 2386 cf.
1188 2355 1310 2387 Ascon.
1326 2356 1373 2388 ad
1385 2356 1478 2387 Verr.
1492 2355 1541 2391 ΙΙ,
1560 2357 1614 2387 10:

201 2423 209 2430 .
223 2422 231 2430 .
245 2422 253 2430 .
265 2422 273 2430 .
303 2410 386 2430 nam
423 2401 559 2440 proprie
599 2401 807 2440 quaedtoree
839 2402 1001 2433 dicuntur
1032 2403 1258 2433 criminalium
1290 2403 1543 2442 quaestionum3
1580 2407 1616 2433 et

194 2447 292 2487 Verg.
318 2447 401 2478 Aen.
426 2447 488 2483 VI,
513 2448 592 2479 432:
629 2448 807 2485 Quaesitor
830 2449 941 2480 Minos
963 2459 1087 2481 urnam
1108 2453 1240 2481 movet:
1267 2450 1321 2480 ille
1345 2450 1506 2481 silentum
1528 2450 1613 2481 Oon-

193 2494 376 2535 ciliumque
397 2498 500 2527 vocat
520 2495 679 2537 vitasque
699 2499 736 2528 et
757 2496 900 2529 crimina
919 2497 1031 2529 discit.
