1965 3015
790 131 1027 168 -69-

292 231 429 278 Neque
472 229 692 267 Ciceronem
738 230 879 273 „modo
921 231 1163 279 pern-ingene,
1208 231 1322 268 mode
1365 231 1528 278 irrepere
1572 230 1613 266 in

192 298 341 331 sensus,
386 287 551 323 inserere
592 297 715 323 novas
758 287 967 334 opiniones,
1012 288 1147 325 insitas
1189 287 1378 325 evellere“
1420 287 1610 324 videmus.

194 345 332 392 Neque
356 344 398 380 in
422 354 512 379 eum
537 342 758 380 adhibenda
782 347 874 381 sunt
898 355 957 388 ea,
984 357 1082 392 quae
1098 344 1228 383 Cicero
1252 346 1301 382 de
1327 349 1479 382 oratore
1503 344 1613 393 gravi

191 401 295 439 dixit
318 412 374 437 or.
400 402 459 444 28,
485 402 549 436 99.
595 428 604 437 .
619 428 628 437 .
644 428 653 437 .
669 428 677 437 .
717 401 778 437 hic
811 404 944 438 autem
975 403 1268 450 copiosissimus,
1313 404 1345 439 si
1377 402 1474 438 nihil
1505 401 1613 438 aliud

195 461 270 502 est,
289 458 359 494 vix
378 457 473 494 satis
492 468 609 494 sanus
628 457 750 495 videri
769 457 878 495 solet.
917 458 991 503 Qui
1009 460 1112 497 enim
1130 459 1227 497 nihil
1244 463 1375 508 potest
1393 458 1613 507 tranquille,

194 515 292 553 nihil
320 515 469 558 leniter,
498 514 595 552 nihil
623 516 767 562 partite
795 516 955 553 definite
983 517 1164 555 distincte
1194 518 1319 553 facete
1346 518 1472 553 dicere
1509 544 1518 553 .
1534 544 1542 553 .
1558 544 1567 552 .
1583 544 1592 552 .

194 573 320 611 furere
331 571 438 620 apud
447 583 561 609 sanos
570 575 612 609 et
622 573 731 620 quasi
744 573 846 610 inter
858 573 1003 610 sobrios
1016 573 1195 611 bacchari
1207 573 1431 612 vinulentus
1443 573 1611 610 videtur.

195 651 245 657 —
263 630 315 672 Is,
336 629 403 676 qui
419 629 648 666 Balbianam
668 633 820 667 attente
836 630 1049 690 perlegerit,
1068 631 1252 668 concedet
1278 643 1365 667 eam
1385 631 1509 667 multa
1528 634 1612 666 arte

195 686 454 733 compositam
477 697 571 722 esse.

290 742 393 787 Quid
415 746 548 779 autem
566 741 696 780 Cicero
718 743 768 780 de
791 744 918 781 medio
936 743 1002 781 illo
1019 755 1155 792 genere
1173 744 1352 781 dicendi?
1402 744 1516 786 Huic,
1542 743 1611 785 ait,

193 801 325 838 omnia
351 799 503 836 dicendi
528 804 756 837 ornamenta
778 801 1011 838 conveniant
1037 803 1106 847 (or.
1129 804 1188 844 26,
1211 803 1283 847 91).
1324 800 1450 837 Multa
1473 801 1613 836 horum

193 857 355 894 adducit
375 868 430 893 or.
450 858 468 904 ξ
489 859 535 894 92
549 869 652 905 sqq.;
688 869 786 905 quae
805 858 941 895 eadem
960 859 1177 895 invenimus
1197 859 1237 895 in
1257 858 1465 902 Balbiana;
1487 856 1613 894 multa

193 915 382 952 habemus
407 914 613 951 verborum
638 915 796 958 lumina,
823 915 949 952 multa
974 916 1271 958 sententiarum3
1310 915 1414 951 latae
1439 914 1614 951 eruditae

192 971 478 1020 disputationes
494 971 545 1008 ab
561 983 607 1008 eo
624 972 867 1020 explicantur
882 975 923 1009 et
939 972 1012 1009 loci
1029 983 1252 1009 communes
1268 972 1350 1008 sine
1366 972 1614 1008 contentione

192 1030 388 1067 dicuntur.
445 1029 516 1075 (Of.
544 1041 599 1066 or.
628 1032 687 1073 27,
717 1032 790 1076 95.)
844 1030 1044 1067 Habemus
1081 1030 1277 1076 quoddam
1312 1030 1432 1066 etiam
1468 1029 1614 1076 insigne

192 1091 236 1123 et
259 1086 401 1122 florens
431 1087 616 1122 orationis
644 1087 794 1133 pictum
824 1089 866 1122 et
894 1086 1109 1133 expolitum
1137 1097 1270 1133 genus,
1303 1087 1344 1121 in
1375 1096 1452 1132 quo
1482 1096 1615 1121 omnes

193 1143 414 1186 verborum,
443 1154 576 1180 omnes
601 1143 880 1180 sententiarum
905 1142 1102 1191 illigantur
1124 1142 1272 1190 lepores
1299 1144 1368 1188 (or.
1395 1144 1455 1185 27,
1482 1144 1555 1188 96).

292 1200 470 1237 Vidimus
507 1201 692 1237 orationis
731 1201 846 1237 huius
877 1212 998 1248 genus
1026 1212 1108 1236 esse
1137 1203 1310 1247 spretum
1339 1212 1364 1236 a
1393 1199 1612 1242 subtilibus,

192 1257 389 1305 repulsum
416 1269 441 1293 a
467 1257 662 1304 gravibus.
709 1258 811 1304 Ergo
844 1258 885 1293 in
918 1257 1184 1293 mediocritate
1212 1256 1398 1299 consedit,
1437 1257 1499 1292 cui
1528 1267 1612 1292 ora-

192 1315 341 1351 tionem
379 1325 450 1361 pro
489 1314 533 1349 L.
566 1314 739 1350 Cornelio
769 1314 893 1350 Balbo
931 1314 1107 1350 habitam
1145 1315 1294 1351 ratione
1317 1313 1453 1350 habita
1479 1325 1611 1350 eorum

194 1383 294 1418 quae
319 1371 602 1418 disputavimus
630 1372 802 1407 omnium
826 1371 1002 1407 addicere
1025 1382 1105 1407 non
1128 1370 1365 1407 dubitamus.

762 1647 1046 1660 Η
