1965 3015
899 170 1115 206 -6-

384 270 466 306 Π118
499 271 739 318 temporibus
772 271 979 319 Pompeius
1014 271 1054 306 in
1083 271 1213 307 animo
1240 270 1412 307 habebat
1439 283 1529 307 cum
1557 271 1718 309 Caesare

287 328 471 364 intimum
493 327 588 364 inire
609 327 759 371 foedus,
784 339 862 375 qua
883 328 924 365 in
945 339 985 365 re
1007 327 1193 364 utebatur
1215 328 1326 377 quasi
1347 328 1557 376 interprete
1578 327 1716 373 Balbo,

287 385 468 422 maximis
501 389 689 422 exornato
719 386 909 432 divitiisl),
952 389 1152 433 assumpto
1182 387 1223 423 in
1253 386 1426 423 ordinem
1455 386 1716 433 equestrem¹).

286 443 410 487 Quem
426 442 581 491 delegit,
598 455 687 480 cum
703 443 781 479 iam
797 443 947 491 pridem
963 455 1012 480 ex
1027 442 1092 480 illo
1107 446 1294 491 tempore,
1312 456 1390 492 quo
1406 444 1545 482 Caesar
1559 454 1718 480 munere

288 501 509 548 quaestorio
529 501 694 549 fungens
715 501 755 537 in
777 501 969 548 Hispania
989 501 1134 548 diuque
1155 500 1343 549 imprimis
1367 499 1569 547 Gadibus&
1591 512 1716 537 mora-

286 559 417 601 batur,
449 570 539 595 cum
572 558 636 594 illo
667 557 962 594 familiarissime
993 561 1094 595 esset
1125 557 1397 605 coniunctum.
1461 557 1599 596 Caesar
1628 560 1716 595 tum

288 627 455 663 quoque,
468 628 557 652 cum
569 627 639 664 pro
652 618 828 663 praetore
841 616 1053 663 Hispaniae
1064 615 1236 652 ulteriori
1247 620 1442 663 praeesset
1452 615 1715 664 provinciae‘),

287 673 456 710 Balbum
486 673 559 709 sibi
589 673 788 720 obligavit,
820 685 909 709 cum
938 685 1028 710 eum
1057 673 1297 721 praefectum
1331 677 1479 710 crearet
1518 672 1715 720 fabrum0),

288 731 350 767 cui
369 731 543 767 omnium
561 742 689 767 rerum
708 742 858 778 semper
876 731 1048 768 habebat
1066 730 1228 777 fidem⁷),
1248 731 1357 767 cuius
1375 743 1506 768 amore
1523 731 1716 768 adductus

290 789 476 831 Gadibus,
512 788 626 824 Balbi
661 788 824 835 patriae,
861 789 967 825 omni
1002 789 1118 825 modo
1152 788 1357 835 favebat8),
1394 801 1494 836 quae
1528 788 1716 826 beneficia

289 846 486 889 Gaditani,
519 846 598 893 qui,
630 846 692 881 cui
722 845 788 881 illa
817 846 1016 890 deberent,
1047 845 1233 889 sciebant,
1264 846 1367 883 tanti
1397 847 1714 889 aestimaverunt,

286 907 333 940 ut
364 903 577 950 hospitium
610 915 699 939 cum
733 903 857 939 Balbo
890 903 1075 949 inirent⁹).
1131 903 1256 947 Quam
1288 915 1370 939 rem
1403 903 1534 941 Cicero
1565 906 1713 951 postea,

288 972 377 997 cum
403 960 628 996 defenderet
655 959 835 1002 Balbum,
864 960 946 996 iure
973 960 1121 1008 optimo
1149 960 1325 996 attulisse
1352 959 1446 996 mihi
1473 960 1640 1004 videtur,
1668 963 1714 996 ut

287 1017 510 1054 testimonio
545 1017 793 1053 confirmaret
828 1017 936 1053 illum
970 1029 1049 1053 non
1084 1018 1162 1053 iam
1197 1018 1321 1053 civem
1359 1017 1610 1066 Gaditanum,
1646 1017 1714 1053 sed

290 1076 512 1112 Romanum
541 1086 621 1110 esse
654 1074 757 1121 (vide
785 1074 834 1111 de
863 1074 1032 1122 hospitio
1061 1086 1148 1111 mea
1176 1075 1216 1111 in
1245 1074 1415 1112 secundo
1451 1075 1604 1123 capite).

387 1133 684 1169 Callidissimum
713 1133 1067 1179 dexterrimumque
1106 1133 1301 1168 hominem
1330 1133 1536 1180 Pompeius
1564 1136 1611 1168 ut
1640 1132 1712 1168 sibi

288 1190 411 1238 magis
431 1190 669 1237 adiungeret,
689 1188 964 1238 Theophanem
983 1189 1272 1238 Mytilenaeum,
1306 1190 1495 1227 Graecum
1512 1192 1611 1226 natu
1630 1202 1654 1226 a
1673 1201 1712 1226 se

287 1250 328 1284 in
359 1248 539 1284 contione
570 1247 731 1284 civitate
762 1248 952 1284 donatum
986 1249 1070 1295 (pro
1101 1248 1242 1284 Archia
1273 1248 1325 1291 X,
1360 1250 1432 1294 24),
1478 1259 1593 1294 quem
1624 1259 1712 1284 cum

287 1305 389 1342 bella
413 1307 561 1353 gereret
582 1316 732 1352 semper
749 1316 878 1341 secum
898 1305 1070 1341 habebat
1089 1305 1247 1351 (Strabo
1265 1304 1384 1348 XIII,
1405 1308 1439 1348 2,
1459 1307 1507 1351 3),
1533 1304 1711 1349 adduxit,

286 1366 332 1399 ut
352 1362 520 1399 Balbum
540 1362 805 1409 adoptaretw).
850 1362 957 1405 Quae
974 1374 1034 1398 res
1051 1365 1187 1409 postea
1204 1363 1254 1398 ab
1272 1362 1501 1399 adversariis
1518 1363 1711 1409 agitatan)

285 1467 386 1497 allem
409 1466 597 1496 Anscheine
619 1467 708 1496 nach
730 1466 826 1496 nicht
847 1467 928 1496 bloss
951 1476 996 1497 an
1018 1466 1183 1501 Rechten,
1207 1466 1352 1497 sondern
1374 1466 1463 1497 auch
1486 1476 1532 1496 an
1555 1466 1711 1497 Ansehen

287 1514 592 1553 gleichgestanden,
624 1515 694 1545 und
724 1514 973 1553 Abstufungen,
1003 1514 1065 1544 wie
1095 1514 1142 1543 sie
1170 1514 1226 1544 bei
1254 1514 1321 1544 den
1349 1513 1560 1544 stadtischen
1589 1513 1711 1544 Tribus

287 1562 580 1600 wahrgenommon
605 1562 743 1592 wurden
770 1562 960 1599 (Sucusana
986 1561 1195 1599 [Suburana]
1223 1578 1256 1583 --
1287 1560 1443 1591 Palatina
1472 1578 1508 1583 -
1536 1561 1711 1600 Esquilina

292 1626 324 1631 —
352 1609 502 1648 Collina),
524 1609 597 1639 hier
618 1609 689 1639 sich
710 1609 852 1640 niemals
873 1609 1101 1640 entwickelt.“

397 1658 420 1693 1)
438 1666 500 1695 pro
516 1657 556 1686 B.
575 1657 688 1691 XXV,
708 1659 759 1687 56.
778 1658 824 1688 ad
840 1658 914 1687 Att.
933 1657 997 1691 IX,
1020 1658 1069 1691 13,
1085 1659 1120 1693 8;
1142 1657 1222 1690 VII,
1241 1658 1270 1691 7,
1289 1658 1318 1686 6.
1347 1656 1413 1686 Dio
1429 1656 1592 1690 XLVIII,
1610 1657 1661 1691 32,
1679 1657 1708 1686 2.

395 1703 421 1740 ¹)
443 1704 522 1734 Tac.
544 1713 623 1733 ann.
646 1704 729 1739 XII,
754 1706 805 1734 60.

396 1751 421 1789 ⁸)
448 1754 540 1782 Suet.
565 1751 657 1781 Caes.
684 1753 712 1781 7.

396 1799 421 1836 ⁴)
439 1809 500 1839 pro
516 1800 556 1829 B.
568 1799 740 1834 XXVIII,
753 1801 808 1830 63:
831 1799 913 1838 quid
929 1799 1019 1830 enim
1034 1817 1066 1821 —
1082 1809 1160 1829 cum
1174 1798 1442 1829 familiarissimis
1456 1799 1527 1829 eius
1542 1802 1595 1829 est
1609 1800 1708 1830 adae-

287 1850 423 1887 quatus.
461 1849 502 1877 65
525 1847 694 1877 amicitias
719 1847 885 1877 clarorum
914 1847 1073 1877 virorum.
1107 1864 1140 1869 —
1170 1847 1216 1877 ad
1243 1847 1316 1876 Att.
1340 1847 1388 1881 II,
1408 1848 1438 1881 3,
1457 1847 1476 1876 3
1494 1847 1588 1884 (Dec.
1606 1856 1637 1877 a.
1656 1848 1709 1885 60)

294 1919 301 1926 .
315 1919 322 1926 .
337 1919 344 1926 .
359 1919 366 1926 .
396 1895 546 1926 Caesaris
568 1895 770 1926 familiarem
798 1919 806 1926 .
820 1918 827 1926 .
842 1908 872 1933 ,ς
894 1895 937 1925 01.
961 1895 1041 1930 VII,
1066 1896 1095 1930 7,
1120 1897 1150 1931 5,

396 1944 489 1975 Suet.
512 1944 604 1974 Caes.
628 1946 683 1974 81:
715 1967 808 1974 .....
838 1944 988 1974 Caesaris
1010 1943 1298 1974 familiarissimus.

393 1992 418 2029 ⁸)
443 1992 536 2022 Suet.
562 1992 654 2022 Caes.
682 1993 734 2022 18:
772 1992 826 2022 Ex
848 1995 1008 2031 praetura
1030 1991 1224 2022 ulteriorem
1246 1990 1387 2021 sortitus
1408 1990 1612 2030 Hispaniam
1630 2013 1638 2020 .
1652 2013 1659 2020 .
1673 2014 1681 2021 .
1695 2014 1702 2021 .

396 2040 419 2077 ⁸)
443 2049 504 2079 pro
529 2039 569 2069 Β.
588 2039 740 2074 XXVII,
769 2041 824 2070 61:
864 2039 906 2070 ln
930 2042 1089 2079 praetura
1118 2056 1151 2061 —-
1180 2038 1391 2079 praefectum
1414 2038 1550 2069 fabrum
1573 2039 1706 2071 detulit.

393 2089 417 2125 ⁷)
439 2098 501 2127 pro
511 2088 551 2117 B.
564 2088 735 2122 XXVIII,
753 2089 808 2118 63:
835 2088 1012 2118 consilium
1028 2087 1171 2118 hominis
1192 2105 1224 2109 —
1241 2087 1562 2126 observantiamque
1576 2087 1706 2118 dilexit.

393 2136 447 2166 Ad
486 2136 590 2166 verba
631 2135 882 2170 „inveteratam
927 2136 1101 2175 quandam
1144 2135 1338 2165 barbariam
1377 2144 1420 2165 ex
1460 2135 1709 2166 Gaditanorum

284 2183 435 2213 moribus
457 2183 702 2223 disciplinaque
724 2183 878 2219 delerit“‚
915 2193 1002 2223 quae
1024 2183 1304 2223 interpretatione
1326 2183 1489 2222 indigent,
1520 2183 1598 2213 vide
1621 2182 1708 2213 111118

284 2232 567 2262 additamentum.

393 2279 418 2317 ⁸)
440 2289 502 2319 pro
524 2279 564 2310 B.
583 2279 685 2314 XIX,
709 2281 750 2310 43
773 2279 907 2315 omitto,
931 2280 1068 2319 quant-is
1096 2297 1128 2302 —
1155 2279 1319 2310 beneficia
1341 2279 1532 2310 contulerit.

394 2328 418 2364 ὓ)
440 2337 502 2366 pro
525 2328 565 2356 Β.
584 2327 719 2362 XVIII,
743 2329 795 2362 41,
820 2328 872 2363 42,
896 2329 947 2357 43.

384 2375 423 2413 ¹⁰)
446 2375 493 2406 ad
516 2375 589 2405 Att.
604 2375 684 2410 VII,
700 2376 730 2410 7,
747 2377 780 2406 6:
810 2397 818 2406 .
833 2398 840 2406 .
854 2398 861 2406 .
875 2398 882 2406 .
902 2375 1015 2415 placet
1044 2399 1051 2406 .
1066 2399 1073 2406 .
1087 2398 1094 2406 .
1108 2398 1116 2406 .
1144 2375 1361 2415 Mytilenaeo.
1393 2393 1426 2398 —
1458 2376 1510 2406 De
1523 2374 1707 2414 adoptione

283 2425 325 2454 01.
350 2424 548 2458 Jullienum,
572 2433 605 2462 p.
626 2424 667 2453 43
680 2433 754 2462 sqq.

383 2472 421 2509 u)
442 2481 504 2512 pro
522 2471 562 2502 B.
581 2471 696 2506 XXV,
711 2473 767 2502 57:
797 2474 832 2501 et
852 2470 1030 2510 adoptatio
1053 2488 1085 2492 —
1111 2470 1302 2501 adsecutus.
1332 2488 1363 2493 -
1391 2470 1459 2505 Hic
1484 2470 1576 2501 locus
1601 2469 1706 2502 etiam

283 2520 412 2559 indiget
433 2520 674 2560 explication03
709 2519 789 2551 vide
811 2519 898 2550 infra
920 2519 1195 2549 additamentum
1217 2520 1247 2548 2.
