1965 3015
753 206 798 211 --
848 186 990 223 25-

260 284 370 321 Idem
407 296 494 322 mea
532 285 687 333 quidem
725 286 917 322 sententia
954 286 1073 322 etiam
1111 285 1260 322 Nonius
1298 284 1500 321 Marcellus
1539 285 1580 321 in

149 343 292 389 ‘animo
321 343 471 386 habuit,
501 355 590 380 cum
619 344 770 390 scripsit
797 344 911 380 haec:
942 364 993 370 --
1010 344 1112 379 idem
1131 343 1182 379 ad
1200 344 1400 380 Caesarem
1419 343 1486 378 lib.
1514 342 1579 378 III

165 402 258 447 (10):
290 400 402 437 amici
425 401 599 438 nonnulli
624 413 648 438 a
671 405 712 439 te
731 401 925 439 contemni
942 413 987 438 ac
1004 401 1147 450 despici
1164 404 1204 438 et
1221 413 1291 449 pro
1307 400 1428 438 nihilo
1445 400 1579 437 haberi

163 462 340 503 senatum
364 459 544 506 voluntl).

258 516 364 560 Quae
386 520 518 554 tamen
540 518 671 554 omnia
690 517 787 555 nihil
807 517 924 554 fuisse
945 520 1043 565 puto
1064 517 1138 553 nisi
1160 517 1391 554 invidiosam
1412 517 1578 560 famam;

162 586 254 610 nam
280 575 353 611 etsi
372 573 571 611 Caesarem
598 575 842 616 adulabatur,
869 578 1014 617 tamen,
1042 575 1267 621 praesertim
1294 586 1383 609 cum
1409 577 1472 610 tot
1504 573 1579 609 illis

163 631 400 678 temporibus
438 642 527 666 eum
565 634 883 678 persequerentur
921 631 1010 667 odio
1049 634 1167 677 atque
1206 630 1352 667 invidia
1391 631 1578 673 homines,

163 688 334 723 callidior
349 690 446 729 erat,
465 699 582 733 quam
598 691 645 723 ut
661 687 780 722 talem
797 688 837 723 in
855 698 894 722 se
911 688 1135 723 admitteret
1151 688 1350 730 invidiam,
1368 691 1409 723 et
1426 687 1579 729 Caesar,

164 743 341 791 quamvis
359 743 492 780 multis
510 744 550 780 in
568 743 683 780 rebus
701 744 911 780 amicorum
929 755 1085 780 suorum
1103 745 1255 780 cederet
1273 744 1442 788 consilio,
1461 745 1581 781 homo

164 802 222 837 sui
252 804 336 836 erat
365 801 573 846 potentior,
606 812 724 846 quam
753 804 800 836 ut
830 801 870 836 in
900 800 1014 836 rebus
1043 802 1257 837 tractandis
1287 802 1366 837 tale
1398 801 1492 848 quid
1524 801 1581 836 eis

163 857 428 903 concederet2).
474 856 647 900 Accedit,
672 857 777 904 quod
798 857 847 893 de
870 857 994 893 Balbo
1016 861 1172 894 auctore
1193 879 1244 885 -—
1265 862 1306 894 et
1328 859 1400 894 hac
1424 859 1508 905 ipsa
1529 858 1581 894 de

163 926 280 951 causa
295 911 422 951 testes
432 925 564 950 omnes
580 914 790 961 producere
806 914 912 951 volui
928 935 979 941 —
994 915 1150 951 minime
1167 916 1413 952 consentiunt
1430 918 1581 952 veteres

163 976 351 1008 auctores.

260 1029 321 1065 Ex
334 1028 461 1065 idibus
472 1029 620 1064 martiis
632 1029 723 1065 anni
736 1032 795 1072 44,
808 1040 886 1075 quo
896 1029 959 1065 die
969 1027 1011 1065 C.
1018 1029 1139 1065 Iulius
1145 1028 1283 1066 Caesar
1294 1031 1582 1065 coniuratorum

161 1085 298 1132 gladiis
313 1096 514 1131 percussus
530 1086 581 1121 ad
592 1089 765 1122 statuam
781 1086 940 1133 Pompei
955 1089 1173 1132 prostratus
1184 1086 1353 1122 animam
1364 1086 1581 1128 efflaverat,

161 1142 493 1178 turbulentissima
511 1146 688 1189 tempora
706 1143 761 1178 eis
781 1154 947 1190 quoque,
969 1143 1035 1190 qui
1054 1143 1209 1181 fuerant
1229 1143 1329 1179 illius
1349 1143 1581 1186 amicissimi,

162 1199 480 1246 periculosissima
515 1211 596 1235 esse
632 1204 850 1247 coeperant.
901 1200 1047 1237 Balbus
1072 1200 1202 1237 Marco
1226 1201 1398 1249 Antonio
1426 1200 1582 1247 quidem

162 1255 308 1293 consuli
332 1267 460 1293 rerum
484 1257 624 1305 potito,
651 1258 760 1294 cuius
784 1258 833 1294 de
859 1258 1024 1295 consiliis
1048 1258 1127 1295 iam
1151 1261 1268 1295 antea
1292 1258 1343 1294 ad
1362 1258 1581 1295 Ciceronem

163 1313 407 1360 scripseram,
441 1316 597 1350 omnino
631 1327 671 1350 se
701 1316 860 1351 nolebat
892 1316 1096 1362 applicare,
1131 1326 1367 1361 quamquam
1400 1315 1580 1350 universa

162 1382 289 1407 rerum
316 1371 488 1408 omnium
516 1372 624 1418 quasi
651 1372 906 1409 fluctuatione
932 1372 1045 1408 valde
1071 1373 1327 1408 cruciabatur.
1382 1371 1478 1409 Cum
1506 1372 1578 1407 hac

162 1429 202 1464 in
231 1440 273 1464 re
301 1429 534 1464 consentiret
563 1441 651 1465 cum
682 1429 822 1472 Hirtio,
854 1440 1020 1475 quocum
1049 1428 1133 1465 illos
1162 1440 1230 1475 per
1259 1440 1381 1464 annos
1410 1428 1580 1464 maxime

162 1488 246 1520 erat
276 1485 544 1531 coniunctus⁴)‚
576 1486 670 1521 mihi
699 1497 777 1521 non
808 1489 967 1528 certum,
998 1497 1048 1522 ne
1077 1485 1280 1521 verisimile
1311 1485 1467 1532 quidem
1497 1496 1579 1520 esse

162 1542 317 1578 videtur
338 1554 428 1578 eum
450 1543 490 1578 in
513 1542 577 1578 illa
600 1544 790 1586 contione,
815 1555 893 1590 qua
915 1555 950 1579 a.
974 1543 1013 1579 d.
1038 1542 1169 1579 XVII.
1193 1543 1283 1578 Kal.
1307 1543 1414 1589 Apr.,
1439 1542 1581 1588 quibus

161 1599 294 1646 poenis
313 1600 348 1634 ei
369 1600 434 1645 qui
445 1600 644 1636 Caesarem
661 1600 988 1636 obtruncaverant
998 1596 1126 1635 essent
1137 1599 1345 1642 afficiendi,
1362 1599 1580 1635 Caesariani

162 1655 439 1698 deliberabant,
464 1668 552 1692 cum
577 1657 809 1692 contrariam
834 1657 994 1693 haberet
1020 1657 1253 1693 sententiam
1274 1659 1394 1703 atque
1416 1656 1581 1699 Hirtius,

164 1714 229 1759 qui
259 1725 338 1750 una
365 1725 452 1749 cum
476 1714 647 1749 Antonio
677 1718 723 1750 ut
746 1726 825 1760 pax
848 1714 1116 1750 restitueretur
1139 1714 1317 1760 optabat,
1353 1713 1581 1760 suffragium

162 1770 294 1806 tulisse
320 1770 368 1805 de
395 1782 525 1817 pugna
550 1774 686 1806 contra
711 1771 795 1806 illos
821 1771 1075 1818 suscipienda,
1102 1774 1148 1806 ut
1174 1782 1277 1806 mors
1302 1770 1384 1806 eius
1410 1770 1582 1806 vindica-

162 1830 268 1862 retur
289 1830 330 1862 et
352 1827 399 1869 ei,
424 1828 490 1873 qui
513 1839 602 1863 cum
624 1826 784 1864 Caesare
806 1828 1001 1864 coniuncti
1023 1828 1190 1870 fuerant,
1213 1827 1291 1863 tuti
1313 1826 1582 1869 redderentur;

164 1884 267 1930 quod
281 1885 337 1920 ita
350 1905 400 1910 ——
413 1887 548 1920 contra
568 1896 613 1920 ac
635 1884 775 1921 statuit
787 1884 1012 1931 Muenzerus
1028 1885 1091 1930 (R.
1110 1885 1156 1921 Ε.
1175 1884 1242 1927 IV,
1265 1884 1580 1929 126634-12674),

163 1941 224 1977 cui
253 1953 323 1988 ego
352 1953 414 1977 me
443 1942 611 1989 adiungo
638 1963 690 1968 —
716 1943 865 1978 factum
893 1953 975 1978 esse
1003 1945 1120 1988 putat
1148 1941 1353 1977 Eduardus
1386 1941 1580 1977 Schwartz

164 1998 340 2044 (Hermes
363 2001 421 2041 33,
450 2001 553 2041 1898,
581 2001 675 2044 184).
719 1998 788 2035 Cui
810 1999 915 2046 apud
935 1998 1138 2035 Nicolaum
1159 1998 1444 2034 Damascenum
1468 1998 1578 2043 (Exc.

273 2130 297 2167 ¹)
325 2130 398 2165 „De
425 2130 661 2170 compendiosa
687 2130 865 2161 doctrina“
893 2131 958 2168 (ed.
986 2131 1136 2170 Lindsay
1166 2131 1246 2160 1903
1273 2129 1307 2160 in
1333 2130 1407 2161 aed.
1436 2130 1579 2167 Teubn.)

164 2178 221 2208 lib.
244 2178 285 2208 V.
333 2178 407 2212 „De
428 2178 621 2208 differentia
643 2177 803 2208 similium
824 2178 1144 2217 significationmn.“
1167 2188 1201 2217 p.
1226 2178 1299 2212 702,
1325 2178 1452 2207 28-30
1474 2178 1512 2207 L.
1541 2195 1574 2199 —

165 2226 213 2255 Cf.
237 2225 417 2255 Iullienum
437 2235 471 2263 p.
498 2226 559 2255 128
580 2228 666 2255 extr.

270 2272 296 2309 ⁸)
317 2272 642 2302 mamam-Groebe
667 2272 706 2303 G.
730 2273 772 2302 R.
796 2272 861 2307 11²,
886 2274 958 2307 521,
983 2274 1120 2303 21—25.

270 2319 296 2356 ⁸)
314 2320 360 2350 ad.
379 2320 452 2350 Att.
473 2320 556 2354 XII,
581 2321 630 2354 19,
652 2321 671 2349 2
692 2320 737 2357 (d.
763 2321 811 2350 14.
832 2324 933 2350 mart.
955 2323 1023 2358 45):
1057 2322 1109 2350 De
1129 2320 1278 2350 Antonio
1297 2320 1426 2349 Balbus
1451 2337 1482 2341 —
1507 2330 1580 2358 per-

164 2367 342 2397 turbatum
363 2366 412 2396 iri.
1331 2394 1333 2398 ,

270 2414 295 2452 ⁴)
313 2414 358 2444 ad
376 2414 450 2444 Att.
470 2414 565 2449 XIV,
586 2415 638 2449 20,
658 2415 677 2444 4
697 2415 744 2453 (d.
768 2416 816 2445 11.
835 2415 915 2446 mai.
936 2417 1004 2454 44):
1035 2415 1133 2452 Quod
1151 2415 1292 2446 Hirtum
1308 2424 1368 2454 per
1386 2424 1440 2444 me
1464 2431 1496 2437 —
1519 2415 1579 2445 sed

163 2462 251 2493 vivit
269 2462 471 2501 habitatque
485 2472 563 2493 cum
577 2462 696 2497 Balbo,
718 2463 776 2502 qui
791 2463 874 2494 item
887 2464 973 2494 bene
987 2464 1164 2503 loquitur.;
1180 2464 1232 2498 21,
1248 2463 1268 2493 2
1283 2463 1329 2500 (d.
1349 2464 1397 2491 ll.
1412 2462 1491 2492 mai.
1509 2464 1578 2499 44):

164 2510 218 2540 Ad
238 2519 293 2539 me
315 2513 431 2540 autem
457 2527 489 2531 —
516 2510 599 2539 nihil
621 2510 749 2540 sinceri.

1371 2591 1391 2619 3
