1965 3015
900 150 1139 188 -36-

301 250 542 287 consuetudo
583 251 786 288 hominum
827 251 1163 293 immolandorum,
1207 261 1306 296 quae
1346 250 1504 287 valebat
1545 252 1585 287 in
1626 253 1734 290 cultu

305 308 462 345 Saturni
487 308 637 351 Punici,
663 309 773 345 cuius
797 309 860 345 dei
888 309 1061 346 Gadibus
1086 307 1204 344 fuisse
1228 307 1419 355 templum
1443 308 1566 345 tradit
1594 308 1734 346 Strabo

303 366 394 410 (III,
420 368 501 411 169)
527 366 587 401 his
612 366 758 402 verbis:
792 362 960 412 προςεχὶς
998 363 1028 400 δ’
1055 363 1154 410 αὐτῇ
1190 364 1264 400 ἐστι
1303 362 1343 400 γὸ
1380 362 1529 412 Κρόνιον
1568 362 1654 411 πρὸς
1693 367 1735 413 τῇ

301 423 464 467 νηνῖδιῑ).
529 423 605 459 Sed
646 427 777 470 potest
814 425 886 460 1100
918 434 1071 471 quoque
1100 423 1197 465 fieri,
1239 427 1286 458 ut
1316 423 1451 474 *Cicero
1492 427 1641 470 spectet
1683 424 1733 459 ad

301 480 471 516 maxime
508 480 717 517 barbaram
755 481 861 518 illam
898 491 1044 529 poenae
1082 480 1414 524 consuetudinem,
1452 481 1502 517 de
1539 492 1617 528 qua
1654 482 1733 528 egit

300 549 424 584 nuper
450 538 510 574 vir
535 538 782 575 doctissimus
802 539 997 576 Cichorius
1023 538 1062 573 in
1082 548 1196 584 opere
1215 530 1469 584 gratulatorio
1487 538 1733 574 universitati

301 595 595 630 Vratislaviensi
632 596 854 641 dedicat02).
916 596 1041 632 Docet
1077 595 1116 630 in
1141 594 1273 630 Africa
1297 593 1588 642 septentrionali
1613 607 1732 642 prope

301 651 575 699 Carthaginem
613 653 689 688 sita
725 652 987 688 foedissimam
1024 663 1189 699 poenam
1226 650 1406 695 valuisse,
1445 664 1522 699 qua
1558 652 1732 689 homines

302 710 341 744 in
359 713 502 744 terram
519 720 568 744 ex
585 713 696 755 parte
713 710 854 745 defossi
872 710 1011 746 deinde
1028 709 1220 745 combusti
1237 712 1341 745 sunt.
1368 709 1475 746 Haec
1492 721 1551 746 res
1568 722 1591 745 a
1607 710 1732 746 tribus

300 766 551 812 scriptoribus
582 766 764 809 traditur,
796 767 964 813 primum
996 779 1019 802 a
1053 765 1175 803 Gellio
1208 766 1271 811 (N.
1289 766 1336 802 A.
1370 767 1446 811 III,
1483 770 1538 810 14,
1574 770 1636 810 19;
1681 767 1730 803 ef.

300 823 347 866 V,
376 825 434 866 21,
466 825 541 869 17);
585 822 636 860 M.
658 822 755 861 Cato
786 824 834 860 de
865 823 1245 872 Carthaginiensibus
1272 824 1330 860 ita
1358 825 1527 872 scripsit:
1559 825 1732 861 homines

299 882 533 917 defoderunt
560 881 600 916 in
625 885 769 917 terram
794 882 1018 918 dimidiatos
1042 883 1246 929 ignemque
1271 882 1640 929 circumposuerunt,
1676 883 1733 918 ita

300 938 589 981 interfecerunt,
636 938 775 975 deinde
809 939 859 975 ab
891 939 1071 986 Appiano
1112 933 1316 984 (Νομαδική
1345 940 1393 975 fr.
1417 942 1470 985 3);
1509 938 1661 984 Θριῖκας
1694 936 1732 974 δὲ

301 1010 349 1029 κα
355 1011 364 1029 ι
396 993 534 1041 Λίγυας
569 992 798 1040 αὐτομόλους
827 993 951 1041 λαβων
981 993 1080 1041 παρὰ
1111 992 1286 1041 Ἰογόρὲα
1314 1009 1385 1030 των
1414 1010 1479 1041 μεν
1511 992 1576 1036 τὰς
1605 999 1731 1041 χεῖρας

301 1050 491 1097 ἀπέτεμυε,
530 1067 612 1093 τους
643 1049 682 1087 δε
711 1052 747 1093 ἐς
776 1067 839 1120 ⁷an
869 1052 941 1099 γῆν
974 1051 1080 1099 μεχρι
1111 1066 1274 1099 ’γασγρος
1303 1065 1522 1097 κατωρυσσε
1552 1068 1617 1088 και
1644 1067 1734 1098 περι.

303 1106 426 1153 τοξευ(
428 1124 459 1142 ν
489 1124 509 1151 η
541 1109 671 1148 ε’ςακου
674 1108 735 1151 τῖζ(
737 1124 777 1143 ον
807 1124 854 1143 sn
884 1108 1039 1154 ἐμπνέοι)
1041 1123 1078 1144 σι
1107 1124 1177 1154 πυρ
1207 1107 1376 1153 barsabee,
1405 1114 1491 1146 tum
1520 1110 1571 1146 ab
1598 1111 1732 1147 Asinio

303 1165 505 1212 Pollione³)
684 1166 849 1203 Fadium
899 1167 1093 1213 quendam
1134 1188 1184 1193 —
1223 1167 1464 1203 abstractum
1502 1167 1652 1204 defodit
1691 1168 1731 1204 in

302 1224 396 1258 ludo
425 1227 465 1258 et
500 1223 636 1258 vivum
662 1224 887 1259 combussit.
948 1225 1151 1270 Appianus
1181 1224 1301 1259 verba
1339 1224 1432 1260 feeit
1462 1224 1510 1259 de
1543 1224 1615 1267 Qu.
1640 1224 1728 1261 Cae—

303 1280 390 1317 cilio
424 1279 580 1316 Metello
614 1280 834 1324 Numidico,
883 1280 948 1328 qui
991 1281 1151 1317 hiberno
1187 1285 1360 1328 tempore
1398 1293 1588 1318 annorum
1622 1282 1729 1329 108s7

300 1339 339 1374 in
375 1338 440 1373 illa
474 1338 627 1385 regione
656 1338 894 1380 morabatur,
936 1350 1025 1373 eum
1054 1338 1198 1373 bellum
1230 1342 1396 1385 gereret;
1438 1338 1500 1374 ille
1528 1339 1634 1375 locus
1659 1340 1730 1376 Ca·

300 1395 404 1432 tonis
450 1395 663 1432 seeundum
702 1395 920 1434 Cichorium
966 1398 1146 1443 sumptus
1191 1399 1250 1432 est
1295 1407 1316 1432 0
1363 1399 1503 1443 quarto
1529 1395 1728 1444 Originum

297 1453 410 1494 libro,
442 1454 482 1488 in
517 1464 594 1499 quo
628 1453 817 1499 agebatur
846 1453 1221 1499 Carthaginiensium
1252 1453 1301 1488 de
1331 1454 1609 1490 constitutione
1637 1455 1728 1490 civi-

300 1510 408 1552 tatis,
446 1510 630 1552 moribus,
669 1510 960 1552 consuetudine,
996 1510 1087 1546 ritu.
1124 1510 1280 1546 Asinius
1313 1522 1405 1546 vero
1440 1510 1562 1546 Pollio
1595 1514 1729 1547 narrat

299 1567 348 1602 de
379 1566 608 1602 crudelitate
641 1567 684 1602 L.
717 1565 867 1603 Corneli
899 1567 1012 1603 Balbi
1044 1567 1214 1609 minoris,
1248 1567 1315 1614 qui
1346 1571 1433 1603 tum
1464 1567 1540 1603 illic
1571 1579 1728 1604 munere

300 1624 535 1670 fungebatur
564 1624 795 1670 quaestorio.
855 1624 1018 1661 Constat
1047 1625 1164 1671 igitur
1193 1624 1288 1660 illud
1316 1625 1469 1661 crudele
1497 1625 1727 1672 supplicium

301 1682 341 1716 in
357 1691 403 1716 ea
418 1681 571 1727 regione
587 1692 611 1716 a
626 1681 836 1717 maioribus
850 1681 988 1717 Poenis
1004 1681 1195 1717 traditum
1211 1682 1250 1717 in
1265 1693 1338 1717 usu
1352 1682 1550 1718 mansisse.
1582 1682 1728 1718 Balbus

300 1742 346 1774 ut
364 1738 582 1774 Gaditanus
604 1738 776 1784 patrium
800 1738 1012 1774 adhibebat
1035 1750 1182 1784 poenae
1205 1750 1338 1785 genus.
1374 1739 1601 1775 Rectissime
1624 1739 1726 1775 enim

300 1794 497 1831 Cichorius
536 1796 588 1840 (p.
628 1797 730 1839 575):
784 1822 824 1837 „.
841 1822 849 1830 .
866 1822 874 1830 .
890 1822 898 1831 .
942 1794 1015 1830 Die
1051 1794 1267 1841 Erkliirung
1303 1795 1447 1831 hierfiir
1480 1796 1611 1831 diirfte
1647 1796 1727 1831 sich

299 1851 453 1888 einfaeh
493 1862 563 1887 aus
601 1851 691 1887 dem
734 1851 989 1898 Schauplatze
1027 1851 1095 1887 der
1133 1851 1394 1898 Begebenheit
1432 1852 1514 1888 und
1552 1864 1621 1888 aus
1659 1853 1727 1889 der

298 1908 602 1945 Personlichkeit
623 1908 692 1944 des
714 1908 860 1944 Balbus
881 1908 1056 1955 ergeben.
1100 1907 1179 1944 Der
1200 1907 1346 1944 Vorfall
1366 1909 1437 1945 hat
1457 1909 1538 1945 sich
1558 1909 1726 1945 namlich

297 1967 338 2002 in
364 1966 491 2003 Gades
512 1965 738 2013 abgespielt,
760 1965 883 2001 dieses
905 1966 998 2002 aber
1018 1966 1070 2001 ist
1090 1965 1175 2001 eine
1196 1965 1275 2001 alte
1296 1966 1541 2013 phenizisohe
1562 1966 1726 2003 Kolonie

298 2024 369 2059 wie
393 2023 577 2070 Kathago
601 2022 733 2065 selbst,
758 2026 874 2059 unter
896 2023 1032 2059 dessen
1057 2022 1285 2059 Herrsehaft
1307 2034 1348 2059 es
1372 2023 1551 2071 iibrigens
1574 2023 1727 2072 langere

298 2081 382 2117 Zeit
408 2081 621 2129 gestanden
648 2080 802 2126 hatte4).
829 2101 881 2107 —
905 2081 993 2116 Dass
1021 2080 1101 2116 sich
1127 2081 1218 2117 dort
1243 2081 1305 2117 ein
1331 2080 1430 2117 alter
1456 2081 1622 2124 Braueh,
1649 2082 1725 2118 den

299 2140 366 2174 wir
385 2139 556 2174 mehrere
578 2139 605 2174 J
605 2138 868 2173 ahrhunderte
886 2138 1017 2173 friiher
1035 2138 1075 2173 in
1093 2138 1162 2174 der
1183 2138 1504 2175 Schwesterstadt
1522 2139 1726 2186 Karthago

409 2248 432 2283 ¹)
456 2247 505 2276 Cf.
530 2248 571 2276 R.
597 2247 636 2275 E.
661 2247 757 2281 V111,
782 2246 959 2276 44840—50.
1008 2247 1146 2287 Gasquy
1168 2258 1201 2286 p.
1227 2249 1277 2277 21.

409 2294 435 2330 ²)
463 2293 663 2323 Festschrift
690 2303 748 2323 zur
778 2294 1093 2324 Jahrhundertfeier
1118 2295 1178 2324 der
1205 2294 1415 2325 Universitat
1442 2305 1485 2324 zu
1511 2294 1651 2325 Breslau
1678 2293 1725 2324 im

303 2341 437 2371 Namen
463 2341 524 2372 der
556 2341 785 2371 Schlesischen
809 2341 1029 2372 Gesellsehaft
1051 2342 1105 2372 fiir
1125 2342 1343 2373 Volkskunde
1364 2343 1633 2382 herausgegeben
1656 2351 1724 2372 von

299 2389 455 2419 Theodor
472 2389 577 2420 Siebs.
605 2389 745 2418 Breslau
763 2390 853 2418 1911.
882 2390 1072 2423 „Feuertod
1085 2390 1149 2419 mit
1162 2390 1354 2428 Eingraben
1367 2390 1414 2420 im
1427 2389 1633 2420 Alta-tumst

409 2437 435 2474 ⁸)
456 2437 502 2467 ad
524 2437 605 2467 fam.
630 2437 675 2471 X,
701 2438 752 2467 32.

406 2485 431 2521 ⁴)
455 2485 502 2515 Cf.
528 2486 570 2515 R.
591 2485 630 2515 Ε.
655 2485 751 2519 V111,
776 2485 952 2514 45420—02.

1939 2524 1949 3015 ———-——‘—-——-
1941 2174 1950 2516 „wfflap
1941 1856 1946 2167 ῌ-ύ-ᾳ-ἡψ
1943 1692 1946 1843 *--,-1
1943 1640 1945 1676 -
1944 1615 1945 1633 ⁴„
