1965 3015
768 156 982 192 -9-

167 257 334 295 eundem
357 261 476 305 atque
521 258 624 295 hunc
648 257 815 294 Balbum
838 268 920 294 esse
942 259 1137 305 putemus,
1160 255 1386 304 praesertim
1409 266 1499 291 cum
1522 253 1588 290 illo

168 318 342 364 tempore
372 315 522 353 nullum
553 316 626 353 hoc
657 315 813 352 nomine
845 313 1082 363 appellatum
1115 313 1264 350 Romae
1296 311 1589 361 cognoverimus

169 384 309 410 vuum.

264 430 441 468 Vidimus
461 429 656 468 Valerium
677 428 891 467 Maximum
913 429 1065 466 tradere
1085 428 1267 465 Flaccum
1289 428 1333 464 L.
1356 426 1587 469 Cornelium,

171 487 349 534 quamvis
372 488 455 524 eius
478 488 681 535 praecipue
705 498 822 535 opera
850 486 1111 534 compluribus
1139 485 1362 522 criminibus
1390 488 1492 521 esset
1519 483 1590 522 ob·

169 544 354 593 iurgii-tus,
388 543 512 582 solum
535 543 731 592 reliquisse
760 543 951 587 heredem,
986 542 1091 591 quod
1123 545 1256 579 tamen
1289 541 1353 578 ille
1384 554 1464 578 non
1497 540 1590 578 odio

170 602 323 646 omisso,
356 602 423 639 sed
453 602 585 650 potius
616 601 854 650 aegritudine
886 600 1055 648 quadam
1088 599 1206 637 animi
1237 603 1424 648 gravatus
1454 599 1589 635 fecisse

170 659 343 703 videtur3
392 660 465 696 hoc
501 662 663 707 apparet
697 670 747 695 ex
781 659 848 702 eis,
873 669 985 706 quae
1020 657 1194 695 Valerius
1229 657 1422 694 Maximus
1458 656 1589 693 addit:

169 716 352 753 nimirum
384 717 644 753 consternatio
677 715 868 762 quaedam
900 716 1073 751 animum
1105 715 1188 751 eius
1210 718 1475 750 transversum
1496 713 1588 760 egit.

171 772 332 811 Amavit
358 773 462 810 enim
494 772 623 810 sordes
654 776 695 810 et
724 771 861 810 dilexit
891 771 1061 821 pericula
1091 775 1133 809 et
1163 771 1454 809 damnationem
1486 769 1592 808 votis

171 831 374 878 expetivit,
413 834 610 867 auctorem
649 832 788 867 harum
824 842 953 866 rerum
990 829 1264 872 benivolentia,
1304 829 1592 876 propulsatores

171 887 260 924 odio
284 886 491 925 insecutus.

269 943 487 982 Ciceronem
529 944 676 981 Balbus
717 945 758 981 in
799 944 976 980 exsilium
1018 944 1178 980 missum
1219 943 1353 979 multis
1395 942 1593 980 beneficiis

172 1001 382 1045 afficiebat,
402 1013 493 1038 cum
510 1001 592 1037 eius
610 1001 798 1037 familiam
817 1000 923 1037 omni
941 1000 1059 1037 modo
1077 999 1351 1043 consolaretur,
1373 1011 1491 1047 quam
1509 1010 1593 1035 rem

172 1058 225 1095 M.
251 1057 398 1095 Tullius
421 1061 557 1105 postea
580 1061 692 1105 grato
716 1058 846 1094 animo
870 1056 1230 1102 commemoravitl).

269 1115 383 1151 Anno
401 1118 448 1150 58
465 1114 623 1157 Balbus,
641 1126 730 1150 cum
747 1114 788 1150 C.
809 1113 938 1151 Julius
954 1112 1093 1150 Caesar
1108 1125 1179 1160 pro
1196 1113 1351 1149 consule
1367 1113 1408 1149 in
1428 1113 1593 1150 Galliam

172 1171 414 1219 profecturus
446 1174 560 1214 esset,
594 1171 735 1207 iterum
768 1170 986 1218 praefectus
1017 1170 1173 1207 fabrum
1206 1173 1266 1206 est
1299 1170 1439 1213 factus,
1473 1169 1594 1207 verbo

174 1228 310 1270 solum,
340 1239 382 1263 re
411 1239 504 1263 vera
534 1230 678 1270 autem,
708 1230 756 1263 ut
785 1227 891 1275 apud
920 1238 1009 1263 eum
1038 1239 1117 1263 non
1144 1230 1345 1275 suspectus
1364 1229 1591 1263 moraretur.

173 1285 322 1321 Romae
344 1287 429 1321 erat
451 1284 633 1327 Caesaris,
657 1288 704 1321 ut
726 1287 817 1321 utar
838 1284 969 1328 verbo,
993 1284 1171 1328 vicarius,
1194 1284 1267 1321 etsi
1290 1284 1443 1332 saepius
1464 1287 1594 1321 castra

173 1342 359 1385 intrabat,
385 1342 485 1378 sicut
508 1345 645 1389 postea
669 1353 771 1378 anno
797 1341 891 1388 54²);
931 1342 1103 1378 omnium
1127 1342 1298 1389 partium
1323 1342 1363 1378 in
1387 1341 1483 1378 urbe
1507 1353 1593 1389 per-

174 1399 373 1447 spiciebat,
395 1410 473 1446 qua
491 1402 576 1436 erat
595 1398 818 1443 calliditate,
838 1399 995 1436 consilia
1014 1399 1265 1443 clandestina,
1286 1411 1419 1437 omnes
1437 1398 1594 1436 emebat

173 1456 337 1505 pecunia
352 1460 473 1504 atquo
489 1456 657 1493 irretitos
672 1457 844 1500 tenebat,
861 1457 919 1493 ita
932 1460 1078 1500 tamen,
1095 1460 1141 1493 ut
1155 1458 1349 1494 neminem
1364 1457 1593 1494 offenderet.

174 1513 299 1557 Quam
324 1513 514 1550 rationem
540 1513 626 1560 quis
651 1517 711 1550 est
737 1514 803 1561 qui
828 1514 1031 1550 honestam
1057 1514 1254 1562 appellet?
1307 1513 1454 1551 Tamen
1477 1525 1594 1551 nemo

174 1570 366 1607 lucrosam
392 1582 479 1608 eam
505 1574 644 1618 putare
671 1570 881 1608 dubitabit.
937 1572 1040 1609 Nam
1068 1584 1157 1608 cum
1184 1572 1233 1608 de
1261 1572 1441 1608 omnibus
1466 1571 1594 1614 rebus,

176 1639 276 1675 quae
287 1628 436 1665 Romae
447 1628 575 1664 factae
586 1631 710 1671 erant,
723 1631 763 1664 et
775 1640 844 1675 per
854 1628 1005 1664 litteras
1016 1632 1058 1664 et
1069 1640 1138 1675 per
1149 1628 1383 1675 colloquium
1395 1629 1596 1666 Caesarem

175 1684 320 1721 faceret
341 1684 541 1721 certiorem
563 1684 772 1732 multisque
793 1685 834 1722 in
856 1685 940 1722 aliis
960 1686 1126 1733 negotiis
1146 1686 1228 1722 eius
1251 1686 1360 1733 quasi
1383 1686 1598 1723 advocatus

175 1754 265 1778 cum
287 1742 328 1778 in
350 1741 568 1778 actionibus
589 1742 818 1789 pecuniariis
839 1743 1155 1790 hereditariisque
1177 1743 1292 1779 rebus
1313 1746 1400 1780 tum
1423 1744 1463 1780 in
1485 1756 1597 1780 num-

176 1798 307 1835 mariis
328 1801 441 1842 esset,
464 1799 514 1835 ab
536 1798 601 1835 illo
622 1799 755 1836 multis
776 1799 825 1836 de
846 1800 990 1847 praeda
1011 1812 1032 1836 e
1057 1800 1181 1838 Gallia
1202 1804 1401 1848 reportata
1421 1801 1535 1838 rebus
1556 1803 1598 1838 et

178 1856 356 1904 pretiosis
379 1857 612 1893 donabatur.

274 1912 456 1950 Oonieras
471 1913 544 1950 hoc
560 1913 658 1957 loco,
676 1925 794 1961 quam
811 1914 954 1962 asperis
970 1914 1187 1961 iniquisque
1203 1915 1331 1951 verbis
1345 1914 1596 1951 Drumannus

177 1970 227 2006 de
250 1981 297 2006 eo
320 1969 591 2016 iudicaverit⁸),
618 1970 685 2017 qui
703 1971 744 2007 in
763 1982 809 2007 ea
827 1982 880 2014 re,
901 1970 1001 2007 sicut
1020 1971 1183 2018 saepius,
1208 1971 1312 2008 ultra
1330 1971 1490 2008 modum
1508 1984 1595 2019 pro-

181 2027 336 2063 cessisse
360 2027 455 2063 mihi
479 2027 645 2063 videtur.

274 2083 410 2126 Balbo,
451 2083 628 2130 quamvis
665 2084 759 2120 haec
798 2085 927 2121 omnia
964 2085 1133 2121 secunda
1169 2085 1321 2121 evenire
1359 2085 1595 2129 viderentur,

177 2152 362 2188 magnum
394 2143 527 2176 tamen
560 2140 772 2187 periculum
805 2141 1066 2188 impendebat.
1135 2142 1238 2179 Nam
1272 2142 1493 2190 optimates,
1529 2143 1596 2190 qui

179 2197 284 2245 quod
312 2197 518 2245 Pompeius
554 2209 593 2233 se
647 2198 697 2234 ab
732 2197 806 2235 illis
841 2199 1045 2235 avertisset
1078 2199 1248 2247 graviter
1281 2200 1471 2244 ferebant,
1506 2212 1597 2237 eum

178 2253 454 2301 Caesaremque
471 2254 584 2291 valde
601 2255 783 2291 violaturi
800 2260 924 2299 erant,
942 2268 1031 2292 cum
1047 2256 1259 2300 efficerent,
1276 2260 1323 2293 ut
1340 2258 1384 2294 L.
1403 2256 1599 2294 Cornelius

287 2358 311 2394 ι)
332 2367 395 2397 pro
416 2358 456 2388 B.
475 2358 607 2393 XXVI,
631 2360 687 2389 59:
721 2368 790 2390 non
811 2360 914 2391 modo
940 2376 973 2382 —-
999 2361 1153 2391 debitam
1173 2361 1319 2401 gratiam
1339 2361 1457 2392 refero.

286 2404 312 2443 1)
331 2405 377 2436 ad
395 2404 459 2441 Qu.
480 2405 576 2436 fratr.
597 2405 665 2441 ΙΠ,
690 2407 717 2442 1,
742 2407 781 2437 12
801 2407 862 2445 (ιιι.
885 2407 977 2448 Sept.
999 2408 1080 2439 anni
1101 2409 1169 2447 54)=
1203 2409 1352 2440 Balbum
1371 2409 1463 2449 quod
1482 2410 1533 2440 ais
1558 2427 1590 2431 —

182 2462 308 2493 perque
329 2452 525 2484 iucundum.

288 2500 314 2539 ³)
340 2500 538 2532 Geschichte
560 2502 666 2533 Roms
688 2502 752 2538 11²,
776 2504 849 2534 514.
895 2503 958 2542 (Cf.
983 2503 1179 2540 Jullienum,
1201 2514 1278 2544 pag.
1302 2505 1345 2535 50
1356 2506 1444 2545 sqq.)

1390 2585 1409 2614 2
