1965 3015
763 182 1002 219 ...23-

270 282 492 321 Orationem
521 283 763 332 Ligarianam
792 283 930 320 litteris
958 287 1045 320 tum
1072 283 1338 331 consignatam
1366 281 1591 330 epistulam-

170 350 247 388 que
265 340 317 377 ad
335 341 534 378 Gaesarem
552 341 796 385 mittendam,
828 353 946 388 quam
965 341 1076 388 quasi
1093 353 1318 388 responsum
1337 344 1383 377 ut
1401 339 1589 376 refelleret

168 397 271 434 illius
303 398 576 435 Anticatonem
608 399 885 446 conscripserat
918 399 1060 441 Cicero,
1106 398 1252 434 Balbus
1285 402 1405 445 atque
1439 397 1589 445 Oppius

167 455 243 492 sibi
282 455 469 492 traditam
511 459 557 492 ut
600 455 836 504 perlegerent
878 456 1188 503 comprobarant,
1238 455 1509 502 comprobatas
1547 455 1588 491 in

171 512 400 560 Hispaniam
428 517 611 549 curarant
640 513 894 558 mittendasl).
955 512 1045 548 Non
1064 512 1188 548 multo
1207 516 1297 558 post
1316 512 1462 548 Balbus
1491 523 1588 548 non-

167 569 294 606 nullos
331 570 521 607 Ciceronis
556 569 673 606 libros
709 569 833 606 Attici
869 570 910 604 in
947 569 1105 604 officina
1141 568 1234 603 fecit
1270 568 1587 614 describendos²);

166 638 259 662 cum
277 637 370 662 vero
388 626 442 662 M.
458 625 606 662 Tullius
623 626 659 661 ei
678 625 862 668 libellum,
883 625 951 671 qui
966 625 1018 660 ad
1033 636 1114 660 rem
1131 623 1326 671 publicam
1342 625 1588 661 tractandam

167 682 401 730 pertinebat,
425 681 687 728 nonnullaque
711 681 788 718 alia
811 685 858 717 ut
882 680 1034 718 Caesari
1058 682 1306 717 mitterentur
1329 681 1589 728 proposuisset

166 738 443 786 scrupulosque
477 750 522 774 ac
556 738 821 774 dubitationes
866 737 1093 784 movisset⁸)‚
1140 737 1248 773 illum
1293 738 1588 780 adhortabatur,

167 799 215 833 ut
249 794 450 832 consilium
484 795 707 843 deponeret,
743 806 822 842 qua
854 795 904 831 de
938 806 980 831 re
1004 793 1134 832 Cicero
1168 794 1368 842 paululum
1393 795 1590 832 subiratus

166 854 421 899 incensusque
444 852 621 889 Atticum
644 852 738 889 fecit
761 852 1004 899 certiorem⁴).

265 909 434 946 Balbum
473 909 548 946 illis
587 910 828 958 temporibus
867 909 1080 958 permultas
1119 921 1179 946 res
1220 911 1360 947 summi
1401 911 1588 947 moment-i

166 970 336 1004 tractare
373 967 563 1011 videmus,
602 980 691 1004 cum
729 971 771 1004 et
808 968 991 1011 Caesaris,
1031 966 1233 1011 Ciceronis,
1272 968 1435 1005 aliorum
1473 968 1588 1004 rebus

165 1025 391 1072 fungeretur
427 1025 682 1070 nummariiffl)
720 1028 762 1061 et
800 1026 855 1061 rei
892 1025 1069 1072 publicae
1107 1025 1435 1062 administrandae
1474 1025 1588 1061 valde

164 1085 268 1118 esset
294 1082 499 1130 particeps.
554 1082 629 1126 Qui
656 1086 894 1130 quantopere
921 1083 1081 1119 summis
1106 1082 1271 1130 negotiis
1297 1082 1516 1119 interfuerit
1542 1094 1587 1119 ac

165 1139 216 1176 de
235 1140 289 1176 eis
307 1139 433 1182 rebus,
455 1151 551 1186 quas
569 1140 739 1176 dictator
756 1151 884 1188 gerere
902 1140 1074 1176 habebat
1092 1140 1133 1176 in
1151 1140 1294 1182 animo,
1314 1140 1453 1176 certior
1471 1140 1588 1176 fuerit

164 1196 306 1240 factus,
338 1196 401 1233 vel
431 1197 520 1233 inde
551 1196 796 1245 intellegitur,
830 1197 934 1244 quod
965 1195 1094 1234 Cicero
1125 1208 1214 1233 eum
1245 1208 1376 1233 mense
1406 1196 1587 1233 Ianuario

164 1253 259 1291 anni
276 1256 323 1290 45
339 1254 488 1298 orabat,
506 1258 551 1291 ut
567 1254 640 1291 sibi
656 1253 802 1302 aliquid
818 1266 866 1291 ex
882 1253 947 1291 illa
961 1254 1043 1302 lege
1060 1253 1159 1291 Iulia
1175 1253 1397 1302 municipali
1411 1254 1586 1291 nondum

164 1315 253 1347 tum
272 1311 470 1359 publicata
490 1312 740 1359 explicaret⁶).
786 1312 861 1349 Sed
882 1323 1118 1359 quamquam
1138 1311 1201 1347 ille
1220 1312 1415 1347 hominem
1436 1323 1586 1359 semper

277 1435 301 1472 ι)
319 1435 366 1466 ad
384 1436 458 1465 Att.
479 1435 581 1470 XIII,
605 1437 654 1470 19,
676 1436 695 1465 2
715 1435 761 1473 (d.
783 1436 834 1466 29.
855 1435 924 1465 iun.
945 1436 1013 1472 45):
1047 1435 1271 1474 Ligarianam,
1291 1439 1331 1465 ut
1351 1435 1460 1470 video,
1486 1453 1518 1457 —
1542 1439 1583 1465 tu

168 1481 253 1511 mihi
273 1485 377 1513 antea
396 1482 590 1522 scripseras;
623 1484 676 1518 46,
698 1483 718 1513 2
739 1483 785 1520 (d.
811 1483 860 1513 12.
882 1492 957 1522 aug.
980 1483 1048 1520 45):
1082 1482 1163 1521 Legi
1183 1482 1361 1522 epistolam
1386 1500 1418 1505 --
1443 1492 1479 1513 se
1499 1482 1582 1514 dicit

168 1528 389 1569 copiosiorem
407 1530 539 1561 factum
562 1542 615 1566 —;
648 1531 700 1566 50,
724 1532 739 1561 l
762 1531 808 1569 (d.
831 1531 882 1561 22.
902 1540 979 1570 aug.
1001 1531 1069 1568 45):
1101 1529 1297 1561 admonitus
1317 1530 1521 1570 quibusdam
1545 1548 1577 1552 —-

165 1577 414 1617 epistolunque
434 1587 547 1608 meam
567 1578 736 1608 iusserunt
756 1578 831 1609 dari
851 1578 1055 1608 Dolabellae.

273 1633 298 1670 ²)
318 1634 364 1665 ad
384 1634 457 1664 Att.
473 1634 576 1669 XHI,
592 1634 644 1669 21,
659 1635 679 1664 4
695 1635 740 1672 (v.
756 1635 811 1672 s.):
841 1633 981 1674 Scripsit
1000 1633 1091 1664 enim
1110 1633 1239 1664 Balbus
1258 1651 1289 1656 —
1308 1643 1351 1664 ne
1364 1637 1400 1664 et
1423 1633 1585 1677 ἀδιόρθωτα

167 1680 295 1712 habeat
313 1681 444 1712 Balbus
466 1704 473 1712 .
487 1704 495 1712 .
509 1705 517 1713 .
530 1694 560 1718 .;
593 1683 644 1718 22,
666 1683 685 1713 3
705 1682 751 1720 (d.
772 1683 802 1712 4.
822 1682 880 1713 iul.
902 1683 969 1720 45):
1004 1682 1113 1712 Balbo
1132 1682 1271 1721 quidem
1288 1682 1524 1722 intellegebam
1547 1700 1580 1705 —

272 1775 298 1813 ⁸)
315 1776 362 1808 ad.
380 1776 454 1806 Att.
473 1776 557 1812 XII,
578 1777 630 1812 51,
650 1777 669 1807 2
689 1776 735 1815 (d.
755 1776 807 1807 20.
825 1776 905 1807 mai.
925 1777 995 1815 45)=
1025 1776 1217 1816 Epistolam
1233 1776 1280 1808 ad
1298 1776 1474 1808 Caesarem
1490 1776 1584 1807 mitti

164 1822 265 1855 video
290 1824 355 1855 tibi
378 1824 511 1865 placere
541 1843 573 1848 —
602 1825 838 1865 repudiatione
861 1825 980 1862 fuerit;
1018 1824 1122 1861 XIII,
1151 1827 1179 1861 1,
1207 1826 1227 1856 3
1253 1826 1300 1863 (d.
1328 1827 1379 1856 23.
1406 1825 1486 1856 mai.
1514 1827 1582 1864 45):

162 1875 336 1910 exspecto,
352 1872 436 1910 quid
449 1872 523 1902 istis
537 1873 672 1911 placeat
684 1873 728 1903 de
742 1873 887 1911 epistula
900 1873 944 1902 ad
961 1873 1152 1907 caesarem
1181 1873 1232 1906 26,
1249 1873 1269 1901 2
1285 1873 1331 1909 (d.
1352 1875 1400 1901 14.
1416 1873 1495 1902 nni.
1512 1874 1581 1909 45):

164 1917 248 1949 Heri
269 1918 375 1950 etiam
402 1936 434 1942 -
459 1919 599 1951 mittam
619 1922 736 1951 tamen
757 1919 803 1952 ad
824 1922 859 1950 te
881 1919 1082 1960 exemplum.

272 1977 299 2014 ι)
313 1977 360 2007 ad
373 1977 479 2007 Attio.
495 1977 563 2012 m,
580 1978 632 2012 21,
652 1979 667 2007 1
685 1978 731 2014 (d.
749 1978 800 2007 25.
816 1977 895 2007 mai.
912 1978 981 2014 45):
1009 1977 1062 2006 De
1075 1976 1218 2015 epistola
1231 1977 1277 2007 ad
1293 1977 1468 2006 Caesarem
1481 1977 1580 2007 nobis

162 2032 244 2053 vero
262 2032 394 2063 semper
407 2023 591 2054 rectissime
605 2024 745 2064 placuit,
760 2027 801 2054 ut
815 2024 872 2054 isti
886 2026 968 2054 ante
983 2023 1139 2062 legerent,
1161 2040 1193 2046 -—
1213 2025 1318 2063 atque
1332 2023 1437 2054 etiam
1451 2033 1578 2058 vereor,

161 2080 206 2102 ne
219 2073 320 2111 putet
333 2080 390 2102 me
401 2071 467 2102 hoc
483 2071 580 2112 quasi
596 2071 732 2103 Catonis
752 2070 883 2113 μίλιῃια
904 2080 975 2102 esse
990 2070 1149 2107 voluisse;
1176 2072 1228 2107 28.
1245 2072 1264 2102 2
1281 2072 1327 2109 (d.
1345 2073 1396 2102 26.
1412 2072 1492 2103 mai.
1508 2073 1577 2110 45):

163 2119 217 2149 De
238 2118 384 2158 epistola
405 2119 452 2149 ad
475 2120 660 2154 Qesarem,
684 2119 795 2149 iurato
817 2119 902 2149 mihi
923 2119 1031 2153 crede,
1054 2128 1124 2149 non
1146 2128 1285 2158 possum
1313 2135 1347 2143 —-
1373 2119 1460 2150 abiit
1483 2119 1577 2155 illud,

160 2166 256 2206 quod
288 2168 366 2197 tum
398 2175 454 2197 me
487 2166 697 2202 stimulabat,
732 2175 839 2206 quum
867 2165 931 2197 tibi
958 2166 1086 2198 dabam
1109 2166 1262 2208 πρόβλημα
1277 2165 1475 2210 Ἀρχιμήδεων
1492 2168 1543 2205 31,
1560 2168 1579 2198 3

162 2214 210 2252 (d.
237 2214 288 2244 28.
317 2214 397 2245 mai.
430 2215 499 2251 45):
526 2215 578 2245 De
604 2215 749 2253 epistula
771 2215 817 2245 ad
843 2215 1019 2245 Caesarem
1040 2216 1154 2257 ιέιφαα
1190 2232 1222 2237 -—
1255 2224 1331 2245 meo
1359 2215 1507 2246 consilio.
1542 2233 1574 2238 —-

162 2261 310 2292 Obsecro
331 2261 518 2291 abiciamus
539 2261 606 2292 ista
632 2278 665 2283 —
690 2264 726 2291 et
747 2262 893 2293 tacendo
913 2265 950 2292 et
971 2262 1118 2293 latendo.

269 2317 295 2356 ι)
317 2317 367 2348 ef.
390 2317 571 2349 Iullienum
592 2328 626 2358 p.
653 2319 714 2349 118
736 2328 810 2358 sqq.
833 2328 862 2349 c.
886 2319 989 2351 adnn.
1013 2329 1046 2359 p.
1074 2320 1134 2350 135
1156 2322 1242 2350 extr.
1271 2336 1303 2342 —
1334 2320 1395 2350 136
1417 2319 1491 2350 init.

251 2374 295 2451 Β.)
311 2375 358 2406 ad
375 2375 645 2409 fam.V1‚1s,1
667 2374 747 2412 (ian.
768 2377 837 2413 45)·
871 2375 1083 2415 Simulatque
1099 2375 1215 2416 accepi
1238 2393 1270 2398 —-
1293 2376 1489 2407 decuriones
1507 2386 1578 2406 esse

159 2430 230 2452 non
276 2430 358 2452 cere.

268 2470 339 2501 Lex
353 2469 446 2502 Julia
457 2470 670 2511 Municipalis
683 2471 838 2510 [Dessau,
866 2471 1107 2512 Inscriptiones
1119 2471 1261 2503 Latinae
1275 2472 1324 2507 II,
1339 2473 1412 2507 496,
1426 2472 1506 2503 adn.
1522 2473 1577 2510 85]

161 2518 280 2553 „Neve
295 2518 371 2558 quis
386 2518 491 2558 que[i]
512 2519 730 2558 praeconium
748 2520 1026 2558 dissignationem
1046 2519 1257 2551 libitinamve
1277 2520 1390 2554 faciet,
1412 2519 1447 2550 in
1468 2519 1576 2550 muni-
