1965 3015
902 143 1141 180 ...34—

303 243 495 290 possimus
532 243 671 287 dicere,
722 245 944 293 negaverim
987 242 1122 281 maiori
1163 241 1380 280 addicenda
1419 253 1502 279 esse
1538 254 1628 280 cum
1665 246 1732 282 illa

304 297 514 346 ἐξηγητικά,
537 301 765 348 praesertim
789 314 879 338 cum
903 313 952 338 ex
975 301 1050 337 illis
1073 300 1214 344 verbis,
1241 311 1341 347 quae
1363 298 1582 336 Macrobius
1606 301 1731 345 addit,

307 358 337 404 (.
353 386 361 395 .
377 386 386 395 .
402 386 411 395 .
429 357 537 405 apud
557 369 667 395 aram
687 359 900 395 mximam
919 358 1179 401 observatam,
1210 368 1261 394 ne
1287 356 1566 394 lectisternium
1597 356 1731 404 ἤην),

303 415 468 451 fortasse
489 415 668 452 concludi
689 416 813 463 possit
834 415 900 452 illa
919 427 1001 452 esse
1022 414 1241 462 conscripta
1262 427 1287 452 a
1307 414 1506 463 pontifice,
1527 417 1615 452 tum
1636 414 1732 451 illud

304 483 472 515 carmen,
507 473 618 509 cuius
647 473 884 510 mentionem
915 473 1010 508 facit
1036 472 1208 509 Servius:
1254 500 1263 509 .
1279 500 1288 509 .
1304 500 1313 509 .
1328 500 1337 509 .
1367 471 1563 509 Cornelius
1585 470 1732 508 Balbus

304 529 578 577 Hymenaeum
600 531 657 567 ait
679 530 870 578 Magnetis
892 529 1029 573 filium,
1052 529 1222 566 musicae
1244 529 1340 567 artis
1360 529 1542 578 peritum,
1565 528 1732 576 pulchri-

304 587 443 623 tudine
468 587 659 631 muliebri,
686 588 781 624 dum
807 588 965 635 nuptias
991 586 1118 623 Liberi
1144 587 1268 634 patris
1293 590 1335 624 et
1359 587 1523 624 Altheae
1548 585 1732 634 religiosis

305 645 486 681 cantibus
517 645 698 688 celebrat,
733 645 987 692 exspirasse2).
1039 643 1114 681 Sed
1144 644 1308 681 fortasse
1331 644 1430 681 alius
1452 644 1564 680 aliter
1586 643 1635 679 de
1658 643 1731 680 hac

306 714 348 738 re
372 706 456 738 tam
481 703 629 739 incerta
653 702 853 738 iudicabit.

402 768 536 804 Liceat
568 769 663 804 mihi
695 768 834 805 ultimo
865 767 949 804 loco
981 768 1030 804 de
1062 767 1129 804 illa
1165 772 1371 815 praetexta
1402 768 1522 805 verba
1563 766 1731 813 facer-0³).

304 825 419 861 Illam
456 825 615 861 minime
643 837 667 861 a
695 825 740 861 L.
770 824 944 862 Cornelio
972 825 1097 861 Balbo
1125 826 1281 869 maiore,
1322 825 1390 862 sed
1418 837 1442 861 a
1469 826 1615 861 minore
1643 835 1733 861 con-

304 883 489 929 scriptam
510 894 592 918 esse
612 886 712 930 puto
733 886 922 919 constare.
966 883 1060 930 Egit
1080 883 1185 919 enim
1206 883 1246 920 in
1267 894 1314 919 ea
1337 882 1410 926 „de
1431 894 1502 919 suo
1523 882 1659 919 itinere
1680 881 1732 918 ad

304 941 348 976 L.
376 940 586 976 Lentulum
611 952 760 987 procos.
787 940 1114 977 sollicitandum“.
1165 940 1367 984 Quomodo
1392 940 1578 987 inscripta
1601 939 1731 982 fuerit,

303 1000 438 1033 utrum
454 997 588 1040 „Iter“
599 1008 732 1040 necne,
750 1008 830 1034 non
846 996 961 1045 plane
978 1000 1039 1034 est
1055 1000 1217 1034 certum.
1251 996 1364 1041 Quod
1380 997 1454 1033 iter
1469 1007 1549 1032 non
1566 1008 1590 1032 a
1607 995 1732 1032 Balbo

305 1055 462 1098 maiore,
494 1055 562 1091 sed
591 1067 616 1091 a
644 1056 791 1091 minore
821 1053 993 1092 Caesaris
1027 1054 1267 1092 internuntio
1296 1054 1348 1091 ad
1377 1053 1586 1091 Lentulum
1615 1054 1732 1090 misso

306 1116 530 1159 susceptum
556 1123 638 1148 esse
665 1112 836 1158 scimus⁴)
862 1112 1115 1160 proximoque
1142 1123 1245 1149 anno
1273 1113 1348 1158 (48)
1375 1112 1572 1148 iteratum.
1625 1111 1732 1154 Quae

306 1169 441 1206 fabula
467 1181 556 1206 cum
582 1181 685 1206 anno
713 1172 759 1206 43
789 1170 963 1206 Gadibus
988 1173 1177 1218 ageretur,
1204 1169 1313 1206 illum
1338 1168 1506 1206 Balbum
1531 1169 1731 1211 minorem,

307 1227 373 1273 qui
408 1230 505 1263 tunc
540 1230 723 1272 quaestor
756 1230 853 1269 erat,
888 1238 1017 1263 rerum
1050 1230 1246 1274 gestarum
1280 1227 1466 1263 memoria
1494 1229 1732 1262 commotum

304 1283 520 1330 profudisse
558 1283 736 1319 lacrimas
772 1287 907 1319 narrat
933 1283 1089 1319 Asinius
1115 1283 1238 1319 Pollio
1269 1283 1330 1319 his
1355 1283 1501 1319 verbis:
1542 1282 1615 1318 Illa
1640 1293 1733 1319 vero

304 1341 384 1376 iam
406 1351 457 1376 ne
480 1339 652 1377 Caesaris
676 1339 833 1387 quidem
855 1339 1046 1388 exemplo,
1071 1340 1176 1387 quod
1198 1340 1300 1377 ludis
1322 1343 1568 1388 praetextam
1589 1340 1639 1376 de
1662 1350 1732 1375 suo

304 1398 441 1433 itinere
465 1397 517 1433 ad
542 1397 586 1433 L.
612 1397 822 1434 Lentulum
845 1409 994 1445 procos.
1020 1397 1305 1434 sollicitandum
1329 1397 1472 1445 posuit,
1497 1400 1538 1433 et
1562 1396 1731 1443 quidem,

305 1466 395 1491 cum
426 1457 617 1502 ageretur,
661 1454 774 1491 flevit
809 1455 996 1491 memoria
1031 1465 1159 1491 rerum
1189 1457 1386 1502 gestarum
1417 1457 1634 1490 commotus
1668 1453 1733 1499 (ad

306 1512 400 1547 fam.
427 1511 480 1553 X,
509 1514 568 1554 32,
596 1514 617 1547 3
641 1532 693 1537 —
715 1512 755 1547 d.
784 1514 817 1547 8.
843 1512 924 1547 iun.
951 1514 1024 1556 43).

404 1577 511 1614 Haec
540 1577 678 1622 habeo,
709 1589 809 1625 quae
837 1577 886 1614 de
915 1578 959 1614 L.
989 1576 1139 1615 Corneli
1168 1577 1282 1615 Balbi
1311 1577 1466 1614 maioris
1494 1576 1579 1614 vita
1606 1577 1732 1613 dicere

306 1646 477 1681 possum.
506 1633 566 1670 De
580 1646 639 1677 eo,
655 1638 752 1681 quot
766 1635 1036 1671 iudicaverunt
1050 1636 1123 1671 viri
1137 1635 1256 1678 docti,
1271 1638 1334 1671 tot
1347 1638 1506 1670 exstant
1520 1635 1731 1681 opiniones,

306 1695 348 1728 et
375 1692 500 1728 iustae
526 1695 567 1728 et
593 1692 771 1728 iniustae.
837 1691 941 1736 Quas
967 1691 1190 1741 singillatim
1216 1704 1279 1729 me
1305 1692 1443 1729 afferre
1469 1691 1627 1740 longum
1652 1694 1731 1735 est;

308 1750 412 1792 vide,
439 1760 595 1796 quaeso,

420 1863 443 1899 ¹)
467 1863 561 1892 Haec
583 1862 755 1902 pertinent
777 1863 823 1893 ad
845 1863 999 1893 Herculis
1021 1863 1152 1893 cultum
1172 1863 1237 1893 rite
1258 1862 1491 1898 excolendum.
1514 1862 1569 1893 cui
1589 1863 1728 1897 Balbus,

306 1914 346 1940 ut
369 1913 443 1940 erat
468 1910 669 1945 Gaditanus,
692 1920 714 1941 a
736 1920 841 1949 puero
861 1911 991 1941 aderat.
1038 1911 1087 1941 Cf.
1111 1911 1154 1941 R.
1178 1911 1278 1941 Peter
1298 1911 1393 1949 apud
1413 1911 1623 1940 Roscherum
1644 1910 1725 1940 Lex.

305 1958 339 1988 d.
363 1957 473 1996 Myth.
497 1957 526 1991 I,
551 1958 645 1987 2929.

413 2004 521 2035 Video
538 2004 644 2035 etiam
662 2004 774 2036 virum
791 2004 1026 2035 doctissimum
1043 2004 1199 2036 Funaioli
1216 2004 1252 2036 in
1269 2004 1355 2035 libro
1372 2014 1462 2040 suo,
1465 2004 1728 2040 ‚Grammaticae

306 2053 483 2082 Romanae
508 2052 723 2091 fragmenta“
751 2053 994 2090 (1,541-542)
1021 2053 1104 2083 haec
1130 2053 1322 2092 fragmenta
1341 2052 1510 2093 ἰξηγηπκῶν
1535 2051 1732 2083 attribuisse

305 2099 416 2129 Balbo
441 2099 575 2130 minori.
597 2099 697 2130 Addo
722 2103 840 2130 autem
859 2100 955 2130 illum
973 2100 1084 2131 dicere
1102 2100 1187 2130 haec
1210 2098 1389 2141 ἰξηγηωιὰ,
1392 2099 1609 2139 ‚Vergilianas
1630 2108 1730 2139 quae-

308 2147 436 2178 stiones
450 2147 610 2187 amplexa
623 2147 719 2178 esse“
721 2148 811 2178 ‚De
824 2148 890 2179 hac
902 2156 940 2178 re
952 2147 1104 2179 dubitari
1117 2150 1242 2188 potest.
1272 2147 1322 2178 Oi.
1341 2147 1525 2187 Groagium
1537 2147 1581 2178 Β.
1597 2147 1637 2177 Ε.
1652 2147 1731 2182 IV
1708 2146 1720 2166 ²

310 2195 464 2225 1271³·—
473 2195 511 2224 ⁴⁷.
534 2195 692 2225 Ceterum
700 2196 909 2225 monendum
918 2198 971 2225 est
980 2195 1054 2225 fieri
1063 2204 1172 2235 posse,
1184 2195 1245 2226 ut'
1235 2195 1270 2230 ii,
1283 2195 1343 2235 qui
1353 2195 1473 2226 dicunt
1485 2203 1732 2234 quemcumque

307 2242 484 2272 literatum
512 2241 687 2273 hominem
709 2242 781 2272 sive
808 2242 1008 2282 pontificem
1030 2242 1101 2273 sive
1122 2253 1193 2274 non
1214 2242 1414 2283 pontificem
1434 2241 1585 2283 potuisse
1606 2251 1731 2277 rerum,

310 2299 399 2329 quae
415 2290 461 2321 ad
478 2289 698 2321 caerimonias
714 2291 768 2320 vel
784 2300 879 2321 sacra
895 2291 1079 2322 excolenda
1094 2291 1277 2331 pertinent,
1294 2291 1464 2322 curiosum
1479 2300 1561 2326 esse,
1577 2300 1648 2321 non
1662 2289 1732 2320 sint

307 2338 343 2368 in
364 2346 485 2367 errore.
530 2338 600 2367 Res
620 2342 673 2367 est
695 2338 927 2369 incertissima.

414 2384 440 2421 ¹)
462 2384 509 2415 ad.
530 2385 614 2415 Aen.
638 2385 699 2420 IV,
726 2386 796 2415 127.

414 2433 439 2470 ⁸)
463 2432 512 2464 Of.
539 2432 724 2472 Groagium
745 2434 788 2463 Β.
811 2433 852 2463 Ε.
876 2433 953 2468 IV1,
979 2434 1174 2465 127112—21.

411 2480 437 2518 ⁴)
458 2481 505 2511 ad
526 2481 600 2510 Att.
624 2481 723 2515 VIII,
750 2482 789 2511 16
802 2481 843 2515 A,
866 2482 887 2510 2
909 2483 974 2519 (ex.
997 2481 1081 2511 febr.
1106 2483 1169 2519 49).
1214 2481 1298 2511 Vell.
1321 2482 1398 2511 Pat.
1421 2481 1469 2515 Π,
1494 2481 1546 2514 51,
1570 2480 1600 2509 3.

1947 1498 1950 1566 ⁴-
1945 1099 1955 1472 w—„Wffl
1942 979 1956 1039 2„
