1965 3015
949 165 1188 201 „64-

451 264 654 308 Quomodo
668 264 856 302 differant
870 267 973 312 tropi
989 277 1013 300 a
1027 265 1174 313 rigaris,
1190 266 1305 302 docet
1318 264 1578 309 Quintilianus
1593 265 1626 302 1.
1645 265 1691 303 Ο.
1707 265 1782 309 IX,

360 325 391 366 1,
418 325 458 358 4:
497 322 571 359 Est
603 322 722 370 igitur
754 326 956 371 tropus
992 333 1117 359 sermo
1141 335 1165 360 a
1187 321 1356 360 naturali
1379 325 1421 359 et
1443 321 1645 371 principali
1668 322 1784 371 signi-

353 380 538 417 ficatione
565 379 780 417 translatus
808 381 859 417 ad
886 380 1002 417 aliam
1030 380 1227 418 ornandae
1255 381 1439 418 orationis
1465 380 1604 428 gratia,
1633 379 1708 424 vel,
1736 383 1784 417 ut

354 437 526 485 plerique
542 438 787 485 grammatici
803 438 960 482 finiunt,
990 437 1111 474 dictio
1128 438 1178 474 ab
1196 449 1243 475 eo
1259 438 1355 482 loco,
1386 438 1427 475 in
1444 448 1522 485 quo
1537 437 1694 486 propria
1709 440 1782 482 est,

354 494 547 532 translata
566 495 607 531 in
625 506 729 538 eum,
752 496 792 532 in
814 507 891 542 quo
909 495 1065 543 propria
1083 507 1163 531 non
1183 500 1261 532 est:
1281 497 1460 543 figura
1473 523 1482 538 ,
1509 495 1610 531 sicut
1626 496 1783 532 nomine

353 553 439 599 ipso
468 555 593 600 patet,
625 552 883 589 conformatio
914 551 1106 600 quaedam
1137 552 1323 590 orationis
1352 555 1503 590 remota
1533 563 1557 589 a
1587 551 1784 589 communi

354 613 395 646 et
419 610 589 656 primum
614 621 655 645 se
680 610 869 646 offerente
893 611 1055 646 ratione.

453 666 512 703 De
533 670 648 714 tropo
670 666 720 702 cf.
743 666 776 702 I.
801 667 846 704 Ο.
869 666 982 710 VIII,
1005 668 1041 710 6,
1068 669 1099 702 1.
1144 666 1203 702 De
1224 666 1351 715 figura
1372 667 1446 711 IX,
1473 670 1505 711 1,
1532 670 1588 704 17.
1625 669 1660 703 2.
1698 669 1732 703 3.

912 778 976 823 A.
1018 777 1222 835 TropP).

458 862 489 894 1.
527 854 758 903 Μεταφοριέ
796 857 912 894 sive
948 857 1279 895 translatio:

452 915 585 958 Quint.
611 915 644 951 I.
664 914 709 951 O.
736 914 849 957 VIII,
878 917 912 957 6,
939 918 1053 958 4-5;
1092 915 1208 951 Auct.
1235 915 1304 958 IV,
1331 917 1391 958 34,
1418 917 1477 950 45.

451 973 469 1017 ξ
491 975 532 1014 4;
571 975 610 1008 9;
652 972 797 1007 etenim
823 972 858 1007 ci
886 972 1050 1007 succedo
1077 972 1256 1014 orationi,
1284 982 1383 1018 quae
1409 982 1490 1008 non
1515 974 1784 1018 praetervecta

355 1030 406 1065 sit
431 1040 543 1065 aures
566 1032 729 1070 vestras,
756 1028 824 1063 sed
848 1029 888 1064 in
913 1029 1063 1064 animos
1087 1029 1261 1064 omnium
1285 1028 1441 1075 penitus
1465 1027 1660 1064 insederit.

456 1084 701 1122 Similia:
736 1086 815 1130 §5;
851 1087 910 1120 25.
951 1087 1055 1131 §113
1091 1088 1125 1121 9.
1165 1087 1269 1131 §13;
1306 1088 1340 1121 3.
1366 1087 1422 1120 10.
1462 1085 1567 1130 §153
1603 1087 1638 1120 8.
1677 1085 1782 1130 516:

360 1144 515 1178 11—12.
542 1144 598 1178 13.
625 1144 682 1177 17.
709 1144 764 1177 18.
805 1142 910 1187 §20;
950 1144 1104 1178 15—16.
1145 1142 1249 1188 §22;
1287 1144 1394 1177 7—8.
1435 1142 1540 1187 §24;
1576 1143 1635 1177 22.
1676 1142 1781 1188 §29;

357 1202 490 1236 9—10.
522 1200 622 1244 §313
657 1200 811 1234 11—12.
833 1201 987 1234 14—15.
1019 1200 1119 1245 §343
1152 1201 1185 1235 6.
1205 1202 1239 1234 7.
1271 1200 1371 1245 §353
1403 1201 1462 1234 23.
1493 1199 1593 1244 §40;
1627 1201 1783 1235 19—20.

353 1258 457 1303 §43;
496 1259 528 1291 1.
551 1259 585 1290 4.
625 1256 728 1301 §45;
764 1258 873 1291 4—5.
912 1256 1111 1301 §56;.l7.
1137 1258 1291 1292 18—19.
1314 1257 1471 1292 20—21.
1510 1257 1613 1302 §57;
1650 1258 1782 1293 9—10.

353 1315 462 1360 55&
507 1314 661 1348 18—20.
710 1314 820 1358 §60;
860 1315 975 1356 5—63
1016 1316 1124 1349 8—9.
1173 1315 1282 1359 §643
1323 1316 1383 1349 25.

456 1382 489 1415 2.
525 1377 783 1424 Μετωνυμία
819 1375 1079 1426 (ὑπαλλαγή)
1118 1379 1232 1416 sive
1268 1377 1661 1416 denominatio:

451 1436 583 1481 Quint.
610 1435 644 1472 I.
671 1435 717 1474 Ο.
743 1435 857 1480 VIII,
886 1439 920 1480 6,
947 1438 1006 1478 23.
1052 1436 1168 1473 Auct.
1195 1436 1264 1480 IV,
1293 1437 1352 1479 32,
1377 1438 1436 1472 43.

451 1495 469 1539 5
496 1495 559 1535 34;
595 1496 708 1529 5—6:
735 1505 825 1529 cum
849 1497 1082 1540 praepotens
1108 1497 1213 1529 terra
1237 1493 1413 1539 marique
1438 1492 1631 1541 Carthago
1658 1520 1667 1530 .
1696 1521 1704 1529 .
1734 1521 1743 1530 .
1772 1520 1781 1530 .

355 1552 443 1587 huic
469 1549 630 1599 imperio
655 1550 886 1586 immineret.

456 1607 658 1644 Simile:
694 1608 803 1652 §2ae
835 1610 991 1642 14-15.

456 1675 490 1710 3.
524 1671 841 1717 Ἀυτουομασία
869 1674 982 1711 sive
1019 1673 1445 1721 pronominatio:

453 1730 585 1774 Quint.
613 1730 647 1766 I.
674 1730 719 1766 Ο.
745 1730 859 1773 VIII,
888 1734 922 1773 6,
952 1733 1009 1766 29.
1052 1731 1167 1767 Auct.
1195 1731 1264 1775 IV,
1293 1732 1351 1773 31,
1380 1732 1438 1766 42.

454 1788 472 1833 ξ
498 1789 562 1830 31;
592 1791 655 1823 15:
681 1787 858 1834 princeps
883 1786 946 1823 ille
970 1791 1122 1824 creator
1145 1787 1260 1824 huius
1284 1787 1403 1824 urbis.

458 1844 687 1882 Similia:
724 1845 741 1890 ς
769 1847 832 1888 51;
861 1846 894 1880 3.
925 1845 944 1891 ς
970 1846 1033 1887 583
1064 1846 1219 1880 14-15.
1256 1845 1364 1891 §59;
1394 1845 1549 1880 25—26.
1590 1844 1694 1892 §⁶³2
1724 1848 1779 1882 11.

456 1915 488 1948 4.
514 1909 770 1957 ’Δλληγορία
796 1912 911 1948 sive
944 1912 1188 1948 inversio
1226 1912 1650 1958 (permutatio)²):

451 1968 584 2012 Quint.
611 1968 644 2004 Ι.
672 1968 717 2005 ο.
744 1968 857 2011 VIII,
887 1971 919 2012 6,
950 1970 1012 2012 443
1041 1970 1099 2004 51.
1150 1969 1265 2005 Auo-⁴..
1293 1967 1361 2011 IV,
1390 1970 1449 2012 34,
1477 1970 1536 2005 46.

456 2028 475 2073 5
501 2028 565 2069 61;
605 2028 768 2063 29-30:
799 2054 806 2062 .
838 2055 846 2063 .
876 2054 884 2062 .
912 2025 1147 2063 sententiam
1172 2029 1378 2073 tamquam
1399 2025 1558 2073 aliquod
1581 2027 1781 2074 navigium

355 2088 475 2131 atque
500 2095 657 2121 cursum
680 2095 729 2119 ex
754 2084 808 2119 rei
833 2083 1010 2130 publicae
1036 2087 1271 2130 tempestate
1296 2083 1500 2119 moderari.

456 2140 660 2179 Simile:
697 2141 715 2187 5
744 2142 806 2184 61;
836 2141 893 2176 21.

454 2211 488 2243 5.
516 2205 722 2253 Εἱρωνεία
760 2208 874 2243 sive
911 2207 1114 2242 illusio.

450 2264 584 2309 Quint.
610 2263 643 2301 Ι.
663 2264 708 2302 ο.
734 2263 848 2308 VIII,
877 2266 910 2308 6,
939 2266 1003 2308 543
1044 2267 1108 2308 553
1149 2267 1208 2301 58.
1259 2264 1317 2302 ct.
1343 2264 1417 2308 IX,
1445 2267 1480 2308 2,
1507 2267 1555 2301 44
1568 2276 1653 2312 sqq.

463 2365 487 2402 ¹)
514 2365 558 2395 In
583 2365 642 2400 eis,
670 2373 759 2404 quae
785 2367 986 2404 sequuntur,
1013 2364 1124 2394 solum
1149 2364 1380 2405 peragi-aphes
1406 2364 1570 2406 adscripsi
1595 2373 1780 2406 versusque

354 2411 514 2443 editionis
533 2412 735 2444 Oxoniensis
753 2412 904 2443 numeris
923 2411 1131 2451 significatos
1151 2414 1193 2450 (e.
1214 2422 1246 2452 g.
1266 2414 1282 2452 ξ
1302 2414 1338 2449 4;
1369 2413 1390 2444 9
1407 2427 1440 2439 =
1456 2412 1478 2443 i.
1499 2422 1529 2443 e.
1549 2414 1565 2452 5
1585 2414 1605 2443 4
1624 2423 1658 2443 v.
1681 2413 1735 2450 9.).

354 2507 454 2539 addit
462 2459 659 2547 ’ziffiius
673 2460 709 2489 in
726 2459 813 2490 libro
827 2468 890 2490 suo
908 2456 971 2500 περὶ
989 2459 1141 2499 σχημάων
1161 2459 1241 2496 (Rh.
1257 2459 1314 2490 Gr.
1327 2460 1395 2495 111,
1409 2460 1451 2490 70
1463 2459 1535 2499 Sp.)
1555 2459 1780 2490 inversionem
