1965 3015
898 130 1113 167 „2-

388 230 447 265 De
464 241 638 265 sermone
654 229 767 266 Balbi
783 231 862 277 egit
879 230 1142 268 Hellmuthius
1158 232 1199 269 in
1213 232 1300 269 libri
1316 231 1375 268 sui
1390 233 1541 281 paginis
1557 236 1714 271 29—59.

388 286 514 323 Docet
542 286 650 323 illurn
678 299 758 324 non
787 299 936 335 semper
964 288 1067 325 idem
1096 290 1285 327 scribendi
1312 301 1433 338 genus
1459 291 1642 338 praebere
1670 304 1715 328 ac

291 345 511 382 Ciceronem
533 348 653 392 atque
675 345 887 382 Caesarem.
933 346 1045 393 Ipsas
1066 358 1159 383 vero
1181 347 1294 385 Balbi
1316 348 1356 385 in
1377 348 1449 384 hac
1471 360 1512 385 re
1533 348 1714 392 rationes,

291 403 518 451 praesertim
561 415 649 439 cum
691 403 773 439 eius
811 403 997 451 epistulas
1026 415 1106 441 non
1137 405 1350 444 habeamus
1378 406 1452 443 nisi
1482 410 1573 450 tres,
1610 410 1716 443 certo

291 460 461 497 iudicare
491 472 570 496 non
602 472 819 507 possumne,
853 473 1103 508 quamquam,
1137 474 1237 509 quae
1267 464 1368 501 ratio
1400 465 1500 501 inter
1531 464 1644 500 Balbi
1675 467 1716 500 et

291 517 463 556 Caesaris
494 517 684 555 scribendi
715 518 874 556 consilia
903 518 1130 563 intercedat,
1163 519 1203 556 id
1233 521 1329 558 scire
1359 534 1419 558 res
1448 534 1516 570 per
1546 533 1586 558 se
1616 524 1717 558 esset

293 577 435 613 summi
459 576 660 613 momenti.

393 633 497 677 „Sed
522 634 600 670 iam
635 634 729 670 satis
765 638 825 670 est
860 634 1188 682 philosophatum,
1228 635 1344 673 nimis
1379 637 1447 674 diu
1483 640 1525 674 et
1560 637 1717 685 longum

294 691 458 739 loquor“
483 713 533 718 —
557 692 608 728 ad
633 704 715 729 rem
740 693 865 739 ipsam
891 704 952 729 me
977 696 1174 730 converto.

963 809 1040 854 §2-

392 892 449 929 Ut
474 891 642 939 primum
667 892 715 928 de
735 892 957 930 nominibus
976 905 1101 941 pauca
1121 893 1296 937 afferam,
1322 894 1527 931 doctorum
1547 894 1718 931 virorum

292 961 417 998 paene
451 961 768 997 unumquemque
804 950 923 987 alium
960 951 1000 987 in
1036 951 1196 988 modum
1232 951 1422 989 censuisse
1458 951 1635 989 videmus
1670 951 1718 988 de

294 1009 520 1057 cognomine
555 1009 680 1045 Balbi.
740 1009 796 1046 Ac
822 1009 991 1056 primum
1017 1009 1174 1056 quidem
1199 1009 1381 1047 Hocheus
1414 1010 1626 1047 secundum
1659 1022 1717 1053 ea,

296 1078 395 1114 quae
414 1079 453 1114 p.
473 1069 496 1102 2
514 1066 604 1103 adn.
625 1069 646 1102 2
667 1067 795 1110 affert,
821 1067 862 1103 id
885 1067 964 1103 fere
989 1067 1129 1104 sentire
1149 1068 1243 1105 mihi
1265 1068 1422 1105 videtur
1441 1068 1609 1105 Balbum
1629 1067 1718 1104 inde

294 1136 376 1160 esse
394 1124 556 1167 dictum,
577 1125 693 1171 quod,
713 1137 802 1161 cum
816 1128 917 1161 esset
929 1125 1163 1172 peregrinus,
1181 1125 1318 1172 primo,
1337 1126 1410 1162 etsi
1423 1129 1560 1173 postea
1574 1126 1720 1172 optime

295 1185 471 1217 assuerat
495 1182 634 1217 Latine
658 1182 776 1228 loqui,
803 1193 960 1229 operam
984 1182 1076 1218 dare
1099 1193 1189 1218 eum
1213 1194 1366 1219 necesse
1390 1186 1486 1225 erat,
1512 1186 1558 1218 ut
1582 1182 1720 1218 Latine

295 1238 471 1281 disceret,
496 1250 573 1284 qua
596 1239 636 1275 in
658 1251 699 1274 re
721 1239 833 1275 initio
854 1250 944 1275 eum
966 1239 1178 1276 balbutisse
1199 1239 1398 1287 probabile
1420 1243 1491 1276 est.
1536 1238 1720 1276 Nonnulli

296 1296 360 1331 alii
385 1308 409 1331 a
434 1295 624 1331 vocabulo
642 1295 740 1331 Baal
755 1296 919 1342 profecti
935 1296 1072 1332 dicunt
1087 1307 1177 1332 eum
1192 1296 1434 1344 peregrinum
1451 1308 1564 1332 suum
1579 1307 1720 1332 nomen

295 1353 420 1390 Balbo
446 1353 625 1389 Romano
661 1352 808 1389 nomini
846 1352 1082 1400 adaptassel)
1119 1357 1320 1390 monentes
1345 1353 1394 1390 de
1419 1357 1553 1390 monte
1579 1353 1654 1389 sito
1680 1353 1720 1389 in

295 1422 433 1457 campo
472 1409 857 1457 Carthaginiensium,
909 1422 1023 1456 quem
1061 1410 1195 1446 Livius
1229 1410 1326 1447 dicit
1369 1411 1513 1447 incolas
1550 1410 1717 1446 Balbum

295 1479 452 1504 vocasse
472 1469 547 1514 (29,
568 1470 626 1510 31,
648 1469 695 1513 7),
715 1479 792 1514 qua
809 1468 849 1504 in
867 1467 1125 1515 appellatione
1142 1468 1234 1504 insit
1251 1468 1386 1504 eadem
1403 1468 1539 1504 Punici
1555 1467 1722 1504 nominis

296 1525 604 1562 accommodatio
624 1525 771 1570 (Nauze
789 1524 905 1561 Mem.
918 1525 967 1561 de
984 1525 1087 1561 l’Ak.
1099 1525 1168 1561 des
1186 1525 1307 1561 Inscr.
1320 1526 1434 1568 XIX,
1452 1528 1557 1568 1745,
1569 1537 1608 1572 p.
1623 1526 1719 1570 330).

301 1583 375 1620 Sed
390 1583 546 1619 mimine
561 1582 806 1629 probandum
821 1583 894 1618 hoc
909 1586 986 1626 est3
1015 1594 1108 1619 nam
1123 1582 1229 1630 apud
1243 1582 1398 1619 Livium
1415 1581 1665 1628 (Massinissa.
1682 1609 1690 1618 .
1706 1609 1714 1618 .

298 1641 339 1676 in
361 1643 534 1675 montem
555 1660 605 1666 —
626 1639 794 1675 Balbum
815 1639 963 1676 incolae
984 1643 1129 1676 vocant
1144 1661 1194 1667 -
1209 1640 1391 1687 perfugit)
1416 1638 1576 1675 Balbum
1598 1638 1722 1674 solum

297 1700 428 1733 exstat
448 1696 488 1732 in
504 1695 757 1732 deterioribus
779 1696 986 1740 codicibus,
1013 1709 1046 1733 e.
1063 1709 1100 1744 g.
1117 1697 1157 1733 in
1173 1697 1304 1733 codice
1322 1696 1490 1744 Spirensi
1509 1696 1535 1734 S
1555 1695 1723 1732 secunda

297 1766 417 1791 manu
437 1754 625 1801 scriptum
638 1757 709 1789 est.
752 1754 799 1790 In
814 1754 943 1790 codice
957 1754 989 1789 P
1005 1755 1216 1800 (Puteaneo
1230 1754 1371 1790 saeculi
1385 1754 1420 1791 V
1432 1765 1536 1791 nunc
1550 1753 1722 1789 Parisino

300 1814 409 1857 5730)
434 1814 566 1847 exstat
593 1810 751 1846 Bellum.
803 1809 952 1848 Codicis
972 1811 1017 1854 P,
1044 1810 1110 1857 qui
1135 1814 1195 1846 est
1220 1811 1393 1847 omnium
1417 1810 1528 1858 longe
1553 1810 1724 1857 optimus

301 1869 364 1915 (cf.
382 1868 531 1905 Schanz
544 1867 657 1910 VIII,
673 1870 707 1910 2,
727 1866 774 1903 1³.
801 1866 1079 1903 Teuffel-Kroll
1095 1870 1176 1910 124,
1194 1871 1250 1903 13.
1276 1868 1403 1903 Luchs
1415 1867 1536 1914 praef.
1549 1866 1626 1903 vol.
1641 1866 1723 1912 IV),

295 1925 500 1962 retinenda
516 1924 610 1961 mihi
630 1935 712 1961 esse
732 1924 887 1961 videtur
905 1924 1032 1968 lectio,
1054 1925 1281 1972 praesertim
1300 1936 1388 1961 cum
1408 1924 1434 1962 S
1452 1924 1641 1960 recentior
1660 1923 1722 1959 sit.

299 1983 375 2020 Sed
392 1986 479 2018 tota
493 1984 587 2018 haec
607 1983 709 2018 ratio
727 1986 787 2018 est
803 1982 918 2018 nimis
935 1983 1094 2018 incerta.
1133 1983 1333 2018 Habemus
1350 1985 1483 2018 autem
1499 1982 1578 2017 iam
1594 1981 1683 2017 inde
1701 1993 1724 2017 a

297 2040 466 2076 secundo
490 2052 525 2076 a.
551 2040 639 2076 Chr.
664 2052 703 2076 n.
730 2039 881 2076 saeculo
905 2040 1025 2076 etiam
1049 2040 1150 2075 inter
1172 2039 1377 2076 nobiliores
1400 2039 1598 2076 Romanos
1622 2049 1724 2074 com-

297 2098 425 2146 plures
441 2097 586 2134 Balbos
604 2096 667 2143 (cf.
686 2096 798 2134 Thes.
815 2097 906 2145 ling.
924 2098 1012 2134 Lat.
1030 2097 1085 2141 II,
1107 2100 1199 2134 1693
1216 2100 1287 2144 sq),
1315 2109 1480 2144 quorum
1501 2108 1569 2133 cur
1583 2107 1725 2133 nomen

298 2156 372 2198 ille,
403 2167 492 2191 cum
520 2155 616 2191 civis
644 2159 745 2191 esset
773 2155 913 2199 factus,
944 2155 1162 2199 adsciverit,
1192 2155 1318 2192 tutius
1345 2158 1406 2192 est
1432 2154 1578 2191 nescire
1607 2164 1725 2200 quam

298 2212 524 2250 hariolando
549 2212 735 2249 divinare.

409 2336 433 2374 ¹)
459 2335 586 2366 Jullien
609 2345 643 2375 p.
666 2337 720 2366 17:
759 2336 860 2370 „Non
883 2335 1026 2366 dubium
1049 2339 1102 2367 est
1125 2336 1237 2376 igitur,
1263 2336 1346 2376 quin
1368 2334 1453 2368 illud.
1475 2344 1601 2366 nomen
1625 2334 1725 2366 Balbi

298 2394 341 2415 ex
363 2383 489 2424 punica
512 2383 626 2422 lingua
641 2384 687 2413 sit
701 2389 826 2418 ortum,
845 2393 914 2422 qua
929 2384 1114 2414 utebantur
1132 2384 1303 2415 Gaditani.
1335 2384 1437 2415 Cuius
1452 2384 1561 2424 priore
1576 2383 1611 2413 in
1626 2386 1725 2422 parte

298 2432 548 2472 deprehendere
566 2431 646 2461 licet
663 2431 805 2461 verbum
823 2431 887 2460 Bal
903 2431 957 2460 vel
975 2432 1071 2466 Baal,
1090 2432 1182 2471 quod
1198 2432 1234 2461 in
1250 2432 1446 2462 nominibus
1462 2432 1582 2461 eadem
1598 2430 1726 2469 origine

299 2481 382 2511 ortis
395 2479 589 2521 saepissime
602 2479 800 2510 invenitur“
813 2482 849 2509 et
861 2479 940 2510 adn.
956 2480 990 2510 4:
1009 2479 1081 2514 „Cf.
1096 2479 1281 2514 Hannibal,
1294 2479 1478 2514 Adherbal,
1494 2478 1725 2510 Hasdrubal“.
