1965 3015
286 253 385 289 alter
414 253 580 290 alterum
610 254 812 296 visitabat,
842 266 922 290 una
951 254 1164 291 mittebant
1191 252 1377 301 epistulas
1406 253 1601 300 Caesari1),
1633 256 1714 301 qui,

286 321 375 346 cum
397 314 492 346 tunc
514 311 630 346 rebus
651 311 901 347 vehementer
922 315 1024 347 esset
1043 314 1257 359 occupatus
1281 309 1448 353 Gallicis,
1471 310 1515 346 L.
1539 308 1715 347 Cornelio

286 369 417 404 omnia
455 379 525 404 sua
563 368 712 404 Romae
749 368 958 404 tractanda
995 369 1136 405 iterum
1174 367 1401 411 tradiderat,
1440 367 1507 414 qui
1543 366 1714 404 maxime

285 425 502 468 laborabat,
519 428 566 461 ut
582 424 637 460 illi
653 436 804 472 semper
818 436 942 461 novos
958 429 1201 472 compararet
1217 426 1373 468 amicos,
1389 425 1534 472 partim
1548 425 1715 461 fortasse

285 482 504 529 permagnis
530 481 686 518 creditis
714 482 768 528 (in
795 480 975 518 Cicerone
1000 493 1072 529 pro
1098 486 1204 520 certo
1235 482 1369 519 haberi
1405 483 1561 529 potest).
1614 481 1714 518 Inde

285 541 394 575 ortae
413 542 506 575 sunt
523 538 611 575 illae
629 540 880 586 pecuniarum
898 539 1100 586 angustiae
1118 551 1237 587 supra
1254 551 1279 576 a
1296 551 1359 576 me
1376 541 1712 581 commemoratae,

286 596 427 644 quibus
452 596 583 634 Cicero
613 600 750 645 postea
783 596 1040 633 irretiebatur.
1086 596 1184 634 Cum
1208 596 1356 634 Balbus
1387 597 1470 645 ipse
1501 599 1638 644 postea
1670 596 1713 632 in

289 654 454 690 Galliam
489 655 807 701 proficisceretur,
844 654 912 690 ubi
945 653 1018 697 Qu.
1055 654 1186 690 Cicero
1221 654 1372 702 legatus
1405 657 1503 698 erat,
1537 653 1714 701 neglecta

285 722 428 759 magna
458 715 649 748 terrarum
681 711 870 747 distantia
901 711 999 747 mira
1032 710 1224 758 quaedam
1255 711 1474 748 litterarum
1506 710 1714 748 assiduitas

287 770 389 804 inter
412 780 478 804 eos
502 773 589 804 orta
613 773 685 804 est.

382 823 483 862 Tum
511 826 631 862 etiam
662 838 686 861 a
716 826 757 862 C.
789 824 971 861 Trebatio
1001 823 1118 861 Testa
1147 825 1319 862 Ciceroni
1348 826 1498 862 occasio
1527 826 1622 862 data
1650 829 1712 861 est

283 883 537 929 epistularum
557 883 780 929 imperatori
801 882 1002 929 Balboque
1021 882 1315 926 mittendarum,
1336 883 1477 929 quibus
1496 883 1560 919 ille
1579 882 1714 919 multis

282 939 411 975 verbis
436 950 476 975 se
500 951 589 975 cum
613 939 738 975 Balbo
762 942 849 975 tum
873 939 1025 976 Caesari
1048 939 1122 987 ipsi
1146 950 1297 986 semper
1319 938 1496 976 deditum
1518 939 1600 975 fore
1624 950 1711 986 pro-

283 997 389 1032 misit
406 1000 527 1043 atque
542 995 801 1042 affirmavit2).
837 996 945 1040 Quae
970 1008 1089 1043 quam
1106 1008 1186 1032 non
1204 1007 1254 1032 ex
1273 997 1392 1032 animi
1411 997 1605 1032 sententia
1623 1007 1712 1042 pro-

283 1053 482 1097 fluxerint,
517 1065 566 1089 ex
599 1054 654 1089 eis
688 1057 863 1101 apparet,
899 1065 999 1100 quae
1031 1053 1165 1090 Attico
1198 1056 1365 1090 exeunte
1398 1064 1529 1089 mense
1562 1052 1711 1089 octobri

284 1109 480 1157 scripsit³)‚
497 1123 587 1148 cum
603 1110 718 1147 valde
734 1122 774 1147 se
789 1122 869 1147 non
885 1112 964 1147 iam
979 1111 1034 1147 rei
1050 1110 1228 1158 publicae
1243 1122 1417 1157 praeesse
1433 1110 1711 1157 indignaretur.

383 1167 521 1204 Hieme
547 1168 705 1204 ineunte
732 1167 901 1204 Balbum
930 1167 1053 1211 „bene
1079 1167 1336 1204 comitatum“
1366 1167 1431 1213 (ad
1456 1166 1529 1210 Qu.
1556 1167 1604 1203 fr.
1632 1166 1710 1210 111,

288 1227 321 1267 1,
351 1226 395 1259 12
419 1244 470 1250 —
494 1228 592 1271 sept.
621 1226 681 1269 54)
706 1236 949 1261 reversurum
975 1224 1157 1271 apudque
1182 1236 1222 1260 se
1246 1235 1368 1271 usque
1393 1224 1444 1260 ad
1470 1224 1564 1260 Idus
1588 1223 1711 1259 Maias

282 1292 364 1317 esse
385 1292 610 1317 mansurum
632 1281 858 1328 sperabat⁴).
901 1281 983 1317 Nec
1004 1281 1160 1317 brevius
1181 1280 1243 1317 ille
1265 1281 1413 1317 Romae
1434 1283 1608 1317 moratus
1629 1291 1711 1316 esse

392 1358 415 1394 1)
433 1357 480 1388 ad
492 1357 555 1392 Qu.
571 1357 611 1386 fr.
627 1357 676 1391 ΙΙ,
695 1358 744 1391 10,
760 1358 780 1386 4
795 1357 842 1394 (d.
861 1358 910 1387 13.
924 1357 1009 1387 febr.
1026 1358 1094 1394 54):
1125 1357 1191 1388 sed
1209 1356 1264 1386 ille
1283 1356 1418 1396 scripsit
1435 1373 1468 1378 —
1484 1357 1532 1388 ad
1545 1357 1710 1387 Caesa-ren

281 1404 403 1435 eodem
413 1404 570 1444 exemplo
581 1404 728 1440 litteras;
741 1404 787 1434 ad
798 1404 881 1434 fam.
893 1403 974 1439 VH,
988 1405 1018 1439 5,
1032 1404 1052 1434 2
1065 1405 1128 1442 (ea.
1140 1413 1214 1443 apr.
1228 1405 1296 1442 54»
1324 1403 1529 1434 Sustulimus
1540 1413 1663 1434 manus
1673 1407 1710 1434 et

282 1461 345 1491 ego
367 1455 403 1481 et
424 1452 564 1482 Balbus.

389 1499 416 1536 ¹)
434 1499 481 1530 ad
506 1499 588 1529 fam.
610 1499 690 1533 VII,
718 1500 750 1534 5,
778 1500 797 1528 2
819 1500 903 1538 (apr.
927 1500 996 1536 54)2
1042 1498 1127 1529 Cum
1151 1498 1195 1530 de
1219 1499 1283 1528 hoc
1316 1515 1348 1520 —
1373 1498 1467 1530 domi
1491 1507 1602 1533 meae;
1637 1499 1666 1532 θ,
1691 1499 1706 1528 1

283 1545 375 1583 (mai.
402 1547 470 1584 54):
511 1546 554 1577 In
583 1546 742 1577 omnibus
770 1546 855 1577 meis
883 1546 1038 1586 epistulis
1072 1563 1104 1568 —
1138 1555 1234 1576 meae
1264 1555 1342 1586 erga
1371 1548 1408 1576 te
1436 1545 1709 1582 benevolentiam

283 1596 314 1629 7,
340 1595 356 1624 1
381 1594 464 1632 (mai
499 1596 567 1632 54):
618 1595 721 1634 Spem
753 1594 941 1625 maximam
974 1611 1007 1617 ——
1033 1594 1227 1633 saepissime
1260 1594 1386 1630 scribo;
1422 1595 1452 1629 8,
1476 1595 1496 1623 2
1524 1595 1613 1633 (aug.
1639 1595 1707 1631 54):

282 1641 374 1671 Nam
398 1641 551 1670 Cornelio
582 1658 614 1662 —
645 1650 742 1679 agere
771 1641 910 1676 debere;
941 1642 988 1672 ad
1011 1641 1074 1676 Qu.
1102 1641 1142 1670 fr.
1171 1641 1238 1675 ΙΙΙ,
1262 1642 1290 1675 1,
1311 1642 1346 1670 9:
1389 1640 1537 1671 Balbum
1566 1649 1647 1670 vero
1671 1657 1704 1662 —

281 1687 320 1719 in
352 1687 460 1718 oculis
492 1687 564 1718 fero
593 1689 693 1727 (sept.
719 1689 787 1725 54);
823 1688 869 1719 ad.
899 1688 981 1718 fam.
1005 1687 1085 1722 VII,
1110 1689 1140 1722 9,
1168 1689 1182 1717 1
1209 1689 1289 1725 (oct.
1315 1688 1383 1725 54):
1420 1686 1526 1727 Cupio
1555 1687 1638 1718 scire
1671 1704 1704 1709 —

281 1738 400 1766 tamen
427 1735 562 1775 scripsi;
607 1737 657 1770 16,
682 1737 701 1765 3
725 1737 818 1772 (nov.
842 1739 988 1765 exeunte
1012 1737 1080 1772 54):
1118 1758 1147 1765 ..
1161 1758 1168 1765 .
1182 1758 1189 1765 .
1209 1738 1349 1766 tantum
1364 1744 1487 1766 moneo
1508 1752 1540 1757 —
1561 1744 1710 1774 usquam

281 1785 507 1821 reperturum.

334 1852 338 1857 .
390 1828 416 1868 ⁸)
436 1829 483 1862 ad
503 1829 578 1860 Att.
594 1828 655 1864 IV,
682 1830 731 1865 18,
748 1829 768 1860 2
790 1830 866 1871 (apr
881 1837 945 1860 .ex.
963 1830 1031 1867 54):
1066 1827 1260 1864 Amisimus,
1290 1828 1338 1859 mi
1364 1827 1542 1869 Pomponi,
1573 1838 1710 1860 omnem

279 1887 350 1909 non
375 1878 480 1909 modo
506 1887 626 1908 sucum
652 1881 688 1907 et
714 1877 923 1916 sanguinem,
951 1878 1011 1909 sed
1030 1877 1136 1907 etiam
1161 1877 1307 1907 colorem
1325 1880 1361 1907 et
1380 1877 1527 1916 speciem
1545 1877 1709 1916 pristinae

280 1924 433 1955 civitatis
439 1936 448 1961 ς
476 1925 571 1955 nulla
592 1928 645 1955 est
665 1934 718 1955 res
739 1924 887 1964 publica,
910 1934 997 1964 quae
1017 1934 1072 1954 me
1092 1924 1249 1959 delectet,
1271 1924 1306 1954 in
1329 1934 1397 1964 qua
1416 1924 1638 1964 acquiescam.

389 1973 415 2010 ι)
434 1973 551 2004 Liceat
569 1972 655 2003 mihi
672 1973 737 2003 hoc
759 1973 832 2003 loco
851 1981 1116 2003 commemorare
1137 1972 1345 2003 Groeberum
1365 1971 1580 2010 (Gesehichte
1600 1973 1709 2003 Roma

279 2020 346 2055 11²,
361 2022 434 2054 517,
450 2021 504 2058 26)
516 2020 594 2055 illic,
608 2021 697 2050 sicut
709 2020 878 2051 traditum
890 2024 942 2050 est
955 2020 990 2049 in
1003 2020 1157 2058 epistulis
1168 2020 1214 2049 ad
1227 2020 1308 2049 fam.
1323 2019 1402 2054 VH,
1420 2021 1469 2053 16,
1485 2020 1515 2054 3,
1529 2019 1708 2058 legendum

279 2075 351 2097 esse
381 2067 489 2102 „bene
515 2067 758 2097 nummatum“
782 2070 915 2106 putare.
960 2066 1036 2096 Etsi
1058 2067 1124 2097 hoc
1139 2075 1200 2106 per
1217 2075 1253 2096 se
1267 2066 1398 2097 bonum
1414 2075 1550 2097 sensum
1566 2066 1707 2106 praebet

284 2131 316 2136 —-
343 2114 484 2150 Balbus,
507 2124 587 2145 cum
609 2114 743 2145 Caesari
765 2115 935 2154 permulta
956 2114 1183 2154 praestimonia
1204 2113 1329 2149 officia,
1353 2114 1507 2153 ingentes
1528 2114 1593 2145 sibi
1614 2124 1705 2144 com·

278 2162 416 2201 paravit
434 2162 575 2194 divitias
600 2179 633 2184 -
657 2166 774 2192 tamen
795 2163 895 2193 lectio
913 2162 1043 2193 tradita
1064 2162 1173 2197 „bene
1193 2162 1420 2193 comitatum“
1438 2161 1617 2193 retinenda
1636 2164 1704 2193 est:

280 2208 353 2239 sine
379 2209 486 2241 dubio
515 2209 581 2244 ille,
625 2219 693 2248 qua
721 2218 800 2240 cum
828 2209 1030 2248 imperatore
1059 2209 1259 2240 coniunctus
1287 2212 1362 2240 erat
1390 2208 1541 2240 amicitia
1571 2217 1707 2249 quaque

279 2256 419 2288 valebat
451 2256 668 2291 auctoritate,
702 2266 826 2296 magno
859 2260 895 2288 et
920 2257 1096 2296 splendido
1129 2257 1296 2288 comitatu
1320 2260 1462 2288 ornatus
1487 2266 1506 2287 e
1530 2257 1706 2297 provincia

280 2304 435 2338 revertit,
454 2304 653 2343 praesertim
679 2313 757 2334 cum
782 2304 894 2343 ipsum
919 2305 1076 2335 dictionis
1101 2314 1206 2344 genus
1223 2304 1329 2335 etiam
1344 2305 1419 2335 aliis
1434 2305 1606 2335 nonnullis
1627 2313 1704 2335 con-

278 2352 438 2383 firmetur
463 2351 682 2383 testimoniis:
716 2352 762 2383 ad
782 2352 854 2381 Att.
877 2351 942 2386 IX,
965 2353 999 2382 2:
1037 2375 1044 2381 .
1059 2375 1066 2382 .
1081 2375 1087 2382 .
1102 2375 1109 2382 .
1123 2375 1130 2382 .
1167 2353 1217 2383 ita
1236 2352 1265 2383 si
1284 2355 1320 2383 et
1342 2352 1478 2384 Gnaeus
1496 2352 1583 2384 bene
1603 2352 1705 2382 comi-

278 2403 375 2432 tatus
405 2400 672 2436 conscendissem
704 2399 739 2430 in
767 2399 840 2430 Cat.
858 2400 905 2434 ΙΙ,
931 2401 960 2434 2,
985 2401 1019 2429 4:
1150 2401 1242 2439 quod
1273 2409 1317 2431 ex
1346 2401 1431 2431 urbe
1459 2410 1582 2440 parum
1603 2400 1705 2431 comi-

277 2450 374 2479 tatus
399 2448 529 2479 exim-it.
572 2447 689 2484 Quint.
709 2447 743 2478 J.
762 2447 802 2478 O.
822 2447 905 2481 XII,
924 2448 954 2481 8,
974 2448 1008 2477 3:
1051 2469 1058 2476 .
1073 2470 1079 2477 .
1094 2470 1101 2477 .
1116 2470 1123 2477 .
1155 2447 1240 2477 bene
1257 2448 1419 2479 sudantes
1433 2447 1587 2487 beneque
1603 2447 1706 2477 comi-

277 2496 344 2527 tati
364 2505 425 2536 per
446 2496 559 2527 forum
579 2496 775 2527 reducutur.
821 2495 870 2525 Cf.
894 2495 991 2525 Thes.
1016 2494 1111 2534 Ling.
1134 2495 1211 2525 Lat.
1234 2495 1302 2529 ΙΙΙ,
1328 2496 1420 2530 1815,
1442 2496 1457 2525 1
1472 2504 1547 2534 sqq.
