1965 3015
868 131 1107 167 -32-

269 235 342 273 est,
366 231 507 267 vidisse
528 231 827 275 dedicationem,
852 231 877 267 i.
900 242 933 267 e.
956 242 1102 267 annum
1123 241 1159 266 a.
1172 230 1259 267 Chr.
1272 242 1311 266 n.
1339 230 1425 276 11¹).
1479 230 1697 278 Unicuique

269 288 346 325 civi
369 288 560 331 Romano,
584 300 674 324 cum
697 293 921 331 moreretur,
944 287 1100 335 legavit,
1123 299 1212 323 cum
1233 298 1283 323 ne
1305 287 1517 334 principem
1540 287 1696 334 quidem

269 346 610 394 praetermitteret,
644 346 801 383 vicenos
835 346 971 393 quinos
1002 345 1192 388 denarios,
1226 345 1266 382 id
1300 344 1405 392 quod
1437 343 1589 382 Cassius
1621 344 1697 381 Dio

269 403 393 441 tradit
404 403 464 439 his
474 403 603 440 verbis
617 404 818 450 (XLVIII,
833 406 952 449 32,2):
1016 399 1082 438 καὶ
1097 398 1236 447 πλούτῳ
1253 401 1319 439 καὶ
1335 400 1560 450 μεγαλονοίᾳ
1575 402 1699 439 τοσοῦ-

271 476 332 496 τον
358 458 441 501 τοὺς
466 459 554 501 καξῖ
581 459 714 496 ἑαυτὸν
739 458 955 507 ἀνδρόπους
979 457 1230 507 ὑπερενεγκὼν
1255 457 1347 497 ὥστε
1371 458 1436 496 καὶ
1461 457 1603 507 δωρεὰν
1628 464 1699 503 τοῖς

266 516 457 565 Ῥωμαίοις
494 516 569 554 ἀνὰ
613 517 715 554 πέντε
761 517 825 555 καὶ
871 515 1007 554 εἴκοσιν
1049 515 1224 564 δραχμὰς
1265 518 1437 555 τελευτῶν
1476 521 1698 564 καταλιπεῖν,

273 588 372 624 quae
395 588 548 613 summa
570 577 687 613 tertia
709 589 798 624 pars
820 577 920 613 illius
942 580 1026 613 erat
1048 576 1243 623 congiarii‚
1268 577 1373 624 quod
1395 577 1533 614 Caesar
1553 576 1698 624 populo

270 634 511 683 legaverat2).
574 635 772 671 Incertum
802 638 874 677 est,
906 638 1038 670 utrum
1069 633 1209 670 liberos
1239 634 1436 681 reliquerit
1466 646 1603 678 necne;
1649 647 1698 671 ex

272 692 346 727 illis
371 692 508 739 legatis
532 692 581 727 de
606 693 678 727 hac
704 703 743 727 re
768 692 864 727 nihil
888 691 1194 727 concludendum
1219 695 1292 727 est.

371 759 512 794 Restat
536 762 582 794 ut
605 770 730 805 pauca
749 758 892 794 addam
916 758 1189 800 iHustraturus,
1216 758 1356 805 quibus
1375 759 1699 806 privatisstudiis

274 828 315 851 se
350 815 501 851 dederit
538 815 581 850 L.
620 815 816 852 Cornelius
852 815 1010 858 Balbus,
1050 815 1128 861 qui,
1165 816 1318 851 etiamsi
1354 828 1435 852 rem
1471 816 1698 852 familiarem

273 872 623 920 splendidissimam
667 873 718 908 ad
763 873 940 908 aedificia
984 872 1109 909 multa
1153 876 1193 909 et
1237 873 1444 920 magnifica
1488 874 1699 910 adhibebat

272 930 528 971 aedificanda,
572 930 662 965 licet
706 931 745 965 in
787 942 834 965 ea
875 942 916 965 re
947 933 1151 976 superatus
1193 931 1245 966 sit
1287 942 1311 965 a
1342 930 1466 966 Balbo
1510 930 1698 976 minoi-0³),

272 991 405 1023 tamen
447 986 666 1023 litterarum
707 987 825 1023 fuisse
866 987 1022 1023 videtur
1063 987 1271 1023 studiosior
1311 990 1352 1023 et
1393 987 1698 1035 philosophiae⁴).

273 1045 372 1082 Cum
394 1045 575 1082 Cicerone
598 1045 807 1091 Atticoque
830 1048 917 1081 tum
940 1045 992 1080 M.
1017 1045 1188 1081 Varrone
1210 1045 1450 1080 familiariter
1472 1045 1698 1091 utebatur5).

374 1111 483 1147 Illius
498 1111 689 1149 Ciceronis
708 1111 781 1154 „de
797 1111 969 1148 finibus“
986 1111 1159 1158 opusculi
1172 1111 1313 1148 librum
1331 1112 1511 1158 quintum
1526 1112 1700 1148 nondum

275 1169 390 1216 plane
415 1171 632 1212 exaratum,
659 1173 751 1205 ante
777 1180 895 1215 quam
919 1169 1075 1216 publico
1100 1169 1241 1205 iudicio
1265 1169 1490 1205 commissus
1514 1173 1585 1212 est,
1611 1180 1700 1205 eum

276 1226 508 1272 perlegissess)
524 1226 774 1272 Hirtiumque
788 1230 834 1261 ut
848 1226 896 1261 de
910 1226 1011 1261 bello
1027 1226 1172 1262 Gallico
1185 1238 1209 1261 a
1221 1227 1381 1262 Caesare
1396 1229 1505 1272 gesto
1517 1229 1700 1262 octavum

273 1282 531 1318 conscriberet
567 1282 888 1318 commentarium
926 1282 1122 1329 impulisse
1160 1283 1343 1328 soimus⁷),
1370 1303 1421 1308 —
1447 1282 1507 1318 hic
1544 1283 1701 1319 infuisse

276 1340 433 1376 videtur
451 1340 492 1375 in
513 1351 559 1376 eo
578 1340 720 1386 gloriae
738 1351 847 1375 amor
866 1339 1024 1386 quidam
1043 1343 1161 1386 atque
1179 1340 1384 1386 cupiditas,
1412 1340 1503 1386 quia
1520 1341 1701 1387 sperabat

275 1397 385 1433 illum
418 1397 704 1444 adscripturum
740 1408 823 1432 esse
861 1408 974 1432 suum
1006 1407 1148 1432 nomen
1183 1397 1223 1432 in
1258 1397 1368 1433 initio
1413 1397 1537 1443 operis
1574 1409 1620 1433 ea
1653 1398 1701 1433 de

275 1466 392 1490 causa
421 1475 472 1481 --
500 1455 594 1501 quin
629 1458 669 1490 et
704 1455 785 1501 ipse
817 1455 1024 1496 „historiae
1054 1454 1243 1501 scriptor“
1272 1453 1584 1501 appellabatur8).
1643 1455 1702 1491 Ea

278 1524 377 1559 quae
403 1512 555 1559 scripsit
581 1512 674 1548 mihi
695 1512 866 1559 persuasi
885 1524 1013 1548 rerum
1033 1524 1056 1547 a
1075 1511 1235 1549 Caesare
1254 1515 1450 1559 gestarum
1469 1523 1702 1559 suarumque

277 1570 586 1612 commentarios,
609 1570 766 1606 minime
792 1569 881 1606 belli
906 1569 1020 1606 ullius
1045 1573 1090 1606 ut
1116 1570 1172 1605 ita
1196 1570 1324 1606 dicam
1350 1569 1467 1605 fuisse
1488 1570 1701 1612 historiam,

277 1628 504 1675 praesertim
519 1639 607 1663 cum
625 1628 821 1669 „Caesaris
834 1628 1180 1663 familiarissimus“
1197 1628 1420 1673 (Suetonius
1436 1627 1626 1671 „Caesar“
1643 1630 1702 1673 81)

278 1685 409 1727 fuerit,
442 1695 540 1731 quae
575 1684 733 1721 Suetoni
763 1685 883 1720 verba
914 1686 1070 1721 omnino
1099 1696 1178 1721 non
1208 1685 1248 1720 in
1279 1684 1343 1720 illa
1373 1681 1566 1730 ἑξηγητικᾶ
1597 1684 1703 1732 apud

391 1808 414 1843 ¹)
430 1807 479 1837 Cf.
489 1807 621 1837 Cassius
632 1807 698 1836 Dio
709 1807 797 1840 LIV,
814 1808 864 1840 25,
881 1808 908 1836 2.
926 1808 978 1836 De
998 1807 1133 1837 theatro
1144 1807 1243 1836 Balbi
1254 1807 1295 1836 cf.
1308 1807 1458 1840 Richter,
1470 1806 1702 1846 Topographie

283 1855 407 1885 Roms²
423 1855 471 1892 (J.
487 1855 617 1889 Mffller,
633 1855 828 1884 Handbuch
842 1855 908 1888 ΙΙΙ,
926 1856 956 1889 3,
976 1856 1015 1891 l),
1030 1864 1062 1893 p.
1080 1855 1138 1884 221
1142 1855 1193 1893 s2;
1220 1855 1262 1884 de
1277 1854 1403 1893 Crypta
1417 1854 1516 1884 Balbi
1530 1857 1703 1893 praeterea

284 1903 414 1932 Hiilsen
435 1903 477 1932 R.
495 1903 535 1932 E.
558 1903 634 1937 1V²‚
660 1903 926 1932 1732³⁸-1733².
965 1902 1013 1932 Cf.
1033 1903 1144 1941 Groag
1159 1903 1200 1931 R.
1216 1903 1255 1931 E.
1273 1901 1348 1936 1V1,
1369 1902 1550 1932 12711—21.
1584 1902 1703 1931 Iullien

279 1961 312 1990 p.
341 1952 411 1981 149.

388 1998 413 2034 ¹)
435 1998 555 2027 Iullien
576 2008 609 2037 p.
636 1999 696 2028 150
716 2008 744 2027 c.
766 1998 868 2028 adnn.
893 1998 958 2035 (vir
978 1998 1099 2028 doctus
1119 2001 1221 2036 putat
1241 1997 1329 2028 hanc
1350 2007 1519 2027 summam
1539 2006 1607 2027 non
1629 2006 1701 2036 per-

281 2046 413 2075 venisse
436 2045 499 2075 nisi
522 2046 556 2075 in
578 2056 700 2075 manus
722 2055 849 2080 eorum,
874 2046 932 2085 qui
954 2046 1163 2075 frumentum
1184 2045 1418 2084 accipiebant).

387 2094 412 2130 ⁸)
434 2103 525 2124 anno
553 2095 594 2123 44
623 2094 772 2124 Ciceroni
804 2094 1028 2124 architectum
1062 2093 1232 2133 quendam
1265 2093 1527 2123 commendavit.
1574 2092 1625 2125 cf.
1658 2093 1704 2124 ad

281 2143 356 2172 Att.
383 2142 480 2178 XIV,
508 2143 538 2176 3,
568 2144 582 2172 l
605 2142 650 2178 (d.
675 2144 694 2172 8
716 2141 770 2173 vel
797 2144 815 2172 9
840 2150 912 2180 apr.
940 2144 1003 2180 44).

389 2189 413 2226 ⁴)
437 2190 486 2219 Cf.
511 2190 691 2220 Iullienum
713 2199 745 2228 p.
774 2190 833 2219 124
847 2199 919 2229 sqq.

390 2237 414 2273 δ)
434 2237 483 2267 Cf.
503 2242 546 2267 ad
566 2238 647 2267 fam.
668 2237 732 2271 IX,
754 2239 783 2271 6,
808 2240 821 2266 l
844 2238 925 2274 (iun.
947 2239 1014 2274 46):
1047 2237 1220 2271 Homines,
1241 2240 1280 2266 ut
1299 2236 1452 2272 cognovi,
1471 2236 1618 2266 amantis
1638 2236 1699 2266 tui.

391 2285 415 2321 ⁸)
437 2285 483 2315 ad
506 2286 579 2315 Att.
604 2285 705 2319 XIII,
731 2286 782 2319 21,
806 2287 826 2314 4
849 2287 894 2322 (v.
919 2287 968 2322 s.).

392 2334 415 2369 ⁷)
438 2334 490 2362 De
510 2333 598 2362 bello
622 2333 749 2362 Gallico
770 2333 868 2367 VIII,
890 2333 1007 2371 praef„
1029 2334 1043 2370 §
1068 2334 1098 2362 l:
1135 2333 1279 2362 Coactus
1298 2331 1442 2362 assiduis
1462 2332 1531 2361 tuis
1552 2331 1702 2364 vocibus,

283 2381 401 2415 Balbe,
428 2390 508 2410 cum
533 2380 705 2411 cotidiana
730 2390 806 2410 mea
831 2381 996 2410 recusatio
1022 2391 1090 2410 non
1115 2380 1331 2410 difficultatis
1355 2379 1618 2413 excusationem,
1645 2378 1705 2408 sed

283 2429 422 2459 inertiae
445 2429 604 2459 videatur
626 2428 899 2467 deprecat-ionem
920 2429 1054 2463 habere,
1078 2438 1150 2458 rem
1170 2428 1407 2458 difficillimam
1428 2427 1569 2466 suscepi.

391 2477 415 2513 ⁸)
442 2477 563 2515 Script.
589 2476 678 2506 Hist.
704 2477 788 2514 Aug.
814 2476 913 2509 XXI,
938 2478 967 2509 7,
993 2478 1020 2505 3.
