1965 3015
749 156 990 191 -17-

256 252 404 297 Quarto
431 253 643 292 decembris
671 255 734 292 die
762 255 810 292 A.
842 254 993 292 Hirtius
1021 267 1110 292 cum
1139 254 1336 292 mandatis
1365 267 1389 291 a
1418 253 1581 292 Caesare

158 310 212 347 ad
240 310 408 348 Balbum
435 313 586 359 venitl),
617 313 683 359 qui
712 325 801 350 cum
829 316 930 350 esset
958 310 1129 350 Caesaris
1157 312 1401 349 consiliorum
1430 312 1580 349 Romae

159 368 359 417 interpres,
395 381 484 406 cum
522 370 710 418 Scipione,
748 371 815 419 qui
850 370 1010 418 Pompei
1045 369 1279 418 sequebatur
1313 373 1457 418 partes,
1494 372 1580 406 erat

157 425 428 470 collocuturus,
456 428 560 474 quod
585 428 785 465 consilium
810 429 889 465 iam
914 431 1030 465 antea
1055 431 1227 475 ceperat;
1268 427 1419 464 Hirtius
1445 430 1579 464 autem

159 482 343 531 Pompeio
368 495 448 520 non
474 485 634 521 visitato
660 486 837 533 proxima
862 488 976 522 nocte
1003 496 1134 522 rursus
1159 488 1220 522 est
1246 485 1454 532 profectus.
1511 484 1579 521 Eis

158 543 292 578 autem
313 542 563 589 temporibus,
586 554 675 579 cum
695 554 765 590 per
785 546 913 580 totam
935 543 1092 579 Italiam
1113 542 1257 579 bellum
1278 542 1389 578 civile
1412 542 1579 578 saeviret

157 598 408 645 omniumque
435 599 752 645 perturbarentur
779 601 834 636 rei
861 599 1038 647 publicae
1066 603 1174 636 metu
1203 611 1248 635 ac
1277 600 1416 635 timore
1444 599 1577 641 animi,

161 654 318 697 Balbus,
337 655 403 702 qui
420 666 568 702 semper
578 657 726 693 Romae
741 657 978 700 morabatur,
995 659 1036 693 et
1051 656 1318 692 honestissime
1329 657 1369 692 in
1379 655 1579 703 publicum

156 715 200 747 et
221 711 517 757 prudentissime
539 713 579 749 in
601 711 772 750 Caesaris
793 713 988 760 ipsiusque
1009 713 1174 760 privatis
1195 712 1362 749 consiliis
1384 724 1425 748 se
1446 712 1577 759 gessit,

157 778 248 804 cum
266 779 290 803 a
307 766 467 805 Caesare
482 771 632 815 peteret
649 773 768 816 atque
784 770 997 817 perficeret,
1015 780 1064 806 ne
1081 769 1251 812 deberet,
1269 781 1359 805 cum
1376 769 1578 815 utriusque

157 825 349 861 exercitus
378 825 541 861 ducibus
569 829 671 862 esset
700 826 904 874 obligatus,
935 829 1071 863 contra
1100 825 1185 862 illos
1214 826 1358 862 amicos
1387 825 1579 873 prioribus

160 882 401 928 temporibus
424 883 496 919 sibi
521 887 765 930 comparatos
790 895 898 920 arma
917 884 1016 920 ferre
1039 886 1163 930 utque
1181 883 1313 919 liceret
1331 883 1404 919 sibi
1428 883 1580 919 urbana

158 939 313 986 utrique
340 943 535 987 praestare
562 940 733 988 officia2).
789 940 960 985 Quorum
987 940 1199 977 amicorum
1226 941 1267 977 in
1292 951 1454 977 numero
1480 943 1578 984 erat,

159 997 200 1033 id
227 997 332 1043 quod
358 998 436 1034 iam
463 998 697 1045 intellegitur
723 1010 772 1034 ex
798 998 899 1034 illius
925 997 1113 1044 epistulae
1140 998 1241 1033 infra
1267 998 1412 1033 citatae
1437 997 1578 1040 verbis,

156 1054 278 1090 etiam
307 1054 350 1090 L.
382 1054 577 1091 Cornelius
605 1054 792 1091 Lentulus
821 1053 958 1100 crus⁸)‚
990 1065 1157 1102 quocum
1186 1054 1346 1101 Pompei
1375 1054 1416 1090 in
1445 1054 1582 1090 castris

158 1114 310 1148 morato
357 1111 503 1148 Balbus
549 1112 675 1147 minor
721 1112 874 1158 saepius
920 1111 1092 1148 Caesaris
1138 1112 1244 1147 iussu
1291 1110 1583 1157 colloquebatur

157 1168 411 1205 audacissime
437 1187 439 1189 v
459 1168 630 1204 hostium
679 1169 869 1215 ingressus
918 1170 1057 1204 castra.
1133 1167 1207 1211 Qui
1245 1167 1434 1204 Leutulus
1477 1168 1583 1215 quod

158 1226 326 1262 Romam
349 1224 576 1271 reliquisset,
601 1224 716 1261 valde
738 1224 896 1262 dolebat
919 1224 1106 1271 Balbus⁴).
1155 1224 1266 1261 Idem
1290 1232 1379 1261 cum
1402 1225 1581 1262 Cicerone

158 1281 379 1329 saepissime
419 1282 731 1318 communicabat
771 1282 968 1329 epistulas,
1011 1294 1126 1328 quem
1166 1282 1293 1329 ipsum
1334 1293 1488 1329 quoque
1528 1282 1581 1318 ad

157 1339 330 1376 Caesaris
354 1350 415 1375 res
439 1341 569 1375 totum
594 1339 634 1375 in
659 1340 789 1376 animo
813 1339 985 1376 habebat
1008 1340 1240 1386 pertrahere.
1295 1338 1580 1376 Studiosissime

158 1396 213 1432 illi
233 1396 503 1443 persuadebat,
526 1399 567 1433 et
588 1396 628 1432 id
649 1399 864 1444 tantopere,
887 1399 933 1432 ut
954 1396 1096 1439 Cicero,
1120 1396 1198 1443 qui,
1221 1397 1294 1432 etsi
1316 1396 1360 1432 L.
1383 1394 1579 1433 Cornelius

157 1452 359 1491 Caesarem
393 1454 499 1501 pacis
533 1464 614 1489 esse
647 1454 955 1490 amantissimum
987 1464 1136 1501 semper
1167 1452 1447 1496 conclamabat,
1484 1464 1524 1489 se
1554 1465 1579 1489 a

158 1510 283 1548 Balbo
298 1510 504 1559 deceptum
523 1511 568 1547 iri
590 1512 771 1558 putabat,
794 1511 928 1547 Attico
951 1522 991 1547 se
1009 1510 1064 1546 illi
1086 1510 1263 1547 diffidere
1285 1509 1579 1556 confiteretur5).

259 1567 334 1605 Sed
363 1579 611 1616 nequaquam
642 1568 799 1611 Balbus,
833 1568 899 1615 qui
930 1571 1025 1604 tunc
1057 1579 1211 1615 quoque
1242 1566 1433 1605 Ciceronis
1463 1568 1578 1604 rebus

157 1625 433 1663 moderabatur
454 1626 694 1673 pecuniariis,
719 1637 808 1661 eum
833 1625 906 1661 sibi
931 1625 1138 1673 adiungere
1160 1625 1292 1672 potuit
1315 1628 1458 1661 totum.
1506 1624 1581 1668 Qui

157 1683 337 1720 omnibus
379 1682 715 1719 adhortationibus
757 1682 940 1730 neglectis
983 1683 1023 1719 in
1055 1682 1308 1730 Campaniam
1339 1682 1582 1729 proiecturus

156 1743 255 1783 erat,
287 1743 334 1776 ut
364 1740 548 1787 Pompeio
578 1752 701 1776 novos
732 1743 974 1787 compararet
1005 1740 1160 1776 amicos.
1205 1740 1278 1776 ‘Et
1309 1740 1353 1776 L.
1386 1738 1582 1777 Cornelius

159 1798 337 1844 quamvis
361 1797 493 1834 sedulo
517 1797 629 1834 daret
656 1809 825 1844 operam,
864 1800 911 1833 ut
935 1797 1108 1834 omnium
1131 1808 1276 1840 eorum,
1320 1797 1386 1843 qui
1410 1795 1582 1833 Caesaris

267 1921 291 1958 ι)
308 1922 354 1953 ad
370 1922 444 1951 Att.
463 1921 543 1955 VII,
562 1922 592 1955 4,
612 1922 631 1950 2
650 1923 694 1958 (a.
714 1922 782 1958 50):
819 1943 827 1950 .
841 1942 848 1949 .
862 1943 870 1950 .
884 1943 891 1950 .
914 1921 1044 1950 venisse
1061 1920 1214 1950 Hirtium
1230 1929 1252 1949 a
1269 1920 1419 1953 Caesare,
1443 1936 1476 1941 —
1497 1929 1578 1948 eum

157 1968 350 2008 profectum
370 1977 442 1998 esse
463 1968 509 1999 ad
531 1968 715 1998 Caesarem.

266 2014 291 2053 ¹)
318 2015 364 2046 ad
389 2016 464 2046 Att.
492 2015 557 2051 IX,
587 2017 638 2050 76,
667 2016 688 2045 2
712 2015 797 2045 mihi
823 2015 893 2054 ipse
920 2014 1083 2045 concessit
1116 2031 1147 2036 —-
1179 2014 1345 2053 pietatem
1371 2014 1411 2044 iis
1437 2017 1574 2053 praesto

159 2064 206 2101 (d.
229 2065 250 2093 6
270 2065 370 2093 mart.
391 2064 454 2100 49).

266 2109 292 2148 ⁸)
311 2109 438 2140 Paulus
457 2109 631 2140 Manutius
651 2109 686 2140 in
706 2118 777 2148 arg.
799 2117 846 2139 or.
868 2108 966 2139 Balb.
987 2108 1031 2138 cf.
1053 2109 1095 2138 R.
1111 2108 1151 2138 Ε.
1173 2108 1233 2143 IV,
1258 2108 1350 2143 1381,
1372 2108 1436 2138 No.
1457 2108 1529 2139 218.

265 2157 291 2196 ⁴)
306 2157 352 2190 ad
367 2157 440 2188 Att.
456 2157 555 2192 VIII,
575 2158 613 2187 15
626 2157 666 2192 A,
683 2157 703 2186 2
720 2156 816 2194 (febr.
832 2165 885 2187 ex.
902 2157 970 2194 49):
998 2157 1097 2192 Quod
1112 2156 1295 2186 Lentulum
1308 2165 1423 2186 meum
1437 2155 1577 2186 voluisti

158 2206 214 2236 hic
234 2214 407 2235 remanere
434 2221 467 2226 —
492 2213 547 2234 me
569 2204 651 2234 satis
673 2203 797 2234 vixisse
818 2206 915 2243 puto.

265 2252 291 2290 ι)
312 2253 358 2284 ad.
378 2252 452 2282 Att.
475 2251 575 2286 VIII,
598 2252 628 2286 9,
651 2252 672 2281 4
694 2251 741 2289 (d.
765 2252 816 2281 25.
839 2251 923 2282 febr.
947 2251 1015 2289 49):
1051 2251 1151 2281 Balbi
1172 2250 1309 2290 quidem
1329 2250 1438 2281 maior
1464 2267 1496 2272 --
1522 2253 1574 2285 tu,

158 2303 255 2341 puto,
269 2300 333 2330 hoc
347 2299 469 2335 credis;
500 2301 549 2334 15,
566 2300 585 2329 3
600 2299 646 2337 (d.
663 2299 693 2329 3.
707 2301 808 2329 mart.
825 2300 893 2337 49):
921 2299 1022 2329 Balbi
1035 2291 1168 2329 Corneli
1180 2298 1369 2329 litterarum
1382 2298 1577 2338 exemplum

163 2366 196 2372 —
218 2358 325 2388 quum
339 2356 394 2379 me
409 2347 553 2379 derideri
568 2347 715 2383 videres;
743 2347 809 2382 IX,
827 2349 858 2382 5,
877 2348 896 2377 3
914 2347 960 2385 (d.
982 2348 1031 2377 10.
1048 2349 1149 2377 mart.
1167 2347 1235 2383 49):
1268 2346 1335 2377 Sed
1350 2355 1391 2376 ea
1407 2346 1477 2376 iam
1492 2346 1578 2376 mihi

157 2396 370 2428 exciderunt:
405 2394 568 2425 beneficia
594 2412 626 2416 —
653 2394 737 2424 nihil
764 2396 883 2425 actum
914 2394 959 2425 ab
983 2394 1091 2429 initio,
1119 2393 1184 2424 nisi
1210 2396 1251 2424 ut
1277 2394 1368 2424 hunc
1396 2393 1574 2424 occideret.

266 2443 316 2475 of.
336 2443 382 2475 ad
400 2443 474 2474 Att.
495 2442 560 2479 IX,
583 2444 634 2479 76,
655 2443 674 2473 2
696 2442 742 2482 (d.
765 2443 794 2473 6.
815 2445 916 2474 mart.
938 2443 1007 2481 49);
1041 2444 1082 2473 7a
1102 2442 1183 2481 (fere
1202 2442 1236 2473 d.
1259 2442 1288 2472 3.
1308 2444 1409 2472 mart.
1432 2442 1501 2479 49);
1536 2442 1576 2472 ''lc

159 2493 206 2532 (d.
232 2494 259 2523 1.
279 2494 380 2523 mart.
402 2493 466 2530 49).
