1965 3015
778 174 994 210 -7-

174 286 335 322 magnas
371 274 425 310 illi
462 274 597 311 attulit
633 274 791 312 divitias
827 277 1101 322 praetereaque
1138 274 1178 309 in
1214 273 1378 321 negotiis
1415 271 1595 309 maximis

174 332 348 381 gerendis
373 335 457 370 erat
482 333 517 370 ei
541 332 671 382 magni
695 332 894 377 momenti,
924 332 998 370 etsi
1023 332 1095 369 hoc
1121 343 1199 369 non
1225 331 1305 375 diu,
1333 331 1425 379 quia
1450 329 1595 368 bellum

175 390 287 427 civile
305 391 498 428 nonnullis
517 391 628 427 annis
643 394 734 438 post
752 392 966 427 excitatum
985 391 1027 426 in
1046 391 1144 426 duas
1163 389 1229 426 eos
1247 388 1431 426 distraxit
1449 391 1594 436 partes.

176 446 354 485 Ceterum
371 448 564 496 quomodo
580 448 726 485 Balbus
741 451 828 485 tum
844 448 895 485 sit
911 447 1140 496 appellatus,
1157 447 1347 484 incertum
1362 449 1434 483 est.
1472 446 1594 483 Recte

176 505 279 541 enim
300 505 483 542 Iullienus
506 507 559 553 (p.
582 508 661 552 45):
699 506 767 549 „Si
786 517 933 543 morem
953 518 978 542 a
998 505 1207 542 maioribus
1227 504 1418 541 traditum
1439 506 1594 540 secutus

177 564 238 597 est
266 562 423 606 Balbus,
454 563 531 600 iam
560 565 723 600 vocatus
751 566 811 599 est
839 562 892 599 M.
923 562 1129 610 Pompeius
1158 560 1405 599 Cornelianus
1434 560 1593 597 Balbus.

181 618 257 656 Sed
279 622 433 656 constat
457 620 496 656 in
519 632 566 657 ea
588 632 629 657 re
652 624 738 658 tum
761 620 922 668 paulum
944 620 1139 657 variatum
1162 619 1291 656 fuisse.
1340 619 1481 666 Itaque
1504 629 1594 654 cum

177 675 305 712 nullae
320 676 540 714 tabularum
556 677 797 725 publicarum
811 677 994 725 reliquiae
1009 679 1214 720 testentur,
1233 688 1331 724 quae
1348 676 1421 713 sibi
1436 676 1596 713 nomina

178 726 426 781 assumpserit
447 734 604 779 Balbus,
626 736 720 772 haec
741 736 782 772 in
803 735 931 772 medio
951 734 1204 782 relinquam“.
1249 735 1332 782 Ego
1353 745 1446 771 vero
1467 733 1594 776 credo,

179 790 347 828 Balbum
379 791 497 829 etiam
530 796 665 840 postea
698 793 742 829 L.
777 793 993 830 Cornelium
1026 792 1194 829 Balbum
1227 791 1466 839 appellatum
1498 802 1594 827 esse.

179 848 228 886 Id
244 849 359 892 enim,
380 850 483 896 quod
500 850 697 887 Manutius
722 849 839 887 affert
858 850 962 898 (Arg.
982 849 1023 886 in
1040 861 1096 886 or.
1115 849 1246 885 Balb..
1238 861 1246 869 ·
1281 849 1418 892 „Idem
1435 848 1595 891 Balbus,

180 918 269 942 cum
298 907 507 954 adoptatus
535 911 636 943 esset
665 919 690 943 a
717 906 951 954 Theophane
978 906 1224 953 Mytilenaeo,
1255 906 1414 953 Pompei
1443 905 1595 947 liberto,

179 962 422 1011 Theophanis
458 975 668 1012 cognomen
694 963 856 1011 accepit‘
860 963 882 1010 ‘)
909 962 1052 1000 fultum
1078 966 1139 999 est
1163 963 1386 999 testimonio
1412 962 1595 1009 quodam,

180 1021 285 1067 quod
314 1021 362 1057 de
393 1020 557 1058 Balbino
587 1021 846 1068 imperatorel)
877 1020 1017 1068 legitur
1046 1020 1152 1067 apud
1183 1020 1385 1067 scriptores
1415 1019 1597 1055 historiae

179 1078 376 1126 Augustae
402 1078 516 1121 XXI,
545 1081 579 1122 7,
607 1081 646 1114 3:
697 1077 866 1114 familiae
900 1077 1199 1121 vetustissimae,
1237 1080 1283 1113 ut
1318 1077 1399 1125 ipse
1429 1076 1597 1119 dicebat,

180 1148 204 1171 a
227 1135 350 1171 Balbo
374 1134 546 1172 Cornelio
569 1133 802 1181 Tbeophane
825 1135 1009 1181 originem
1031 1135 1187 1177 ducens,
1213 1134 1279 1181 qui
1301 1145 1371 1181 per
1393 1133 1461 1171 Cn.
1486 1135 1598 1170 Pom-

180 1192 310 1241 peium
332 1192 532 1229 civitatem
554 1195 758 1236 meruerat,
793 1204 882 1229 cum
904 1194 1006 1229 esset
1027 1203 1119 1229 suae
1148 1191 1298 1240 patriae
1327 1191 1597 1229 nobilissimus.

183 1251 259 1288 Sed
294 1253 447 1298 praeter
481 1251 554 1286 hoc
594 1250 861 1286 testimonium
897 1249 985 1293 alia,
1023 1262 1122 1297 quae
1158 1261 1228 1297 pro
1264 1249 1506 1286 documentis
1531 1250 1598 1286 ad-

181 1307 302 1344 hiberi
338 1310 500 1355 possunt
530 1319 619 1344 eum
644 1306 916 1355 Theophanem
952 1307 1189 1355 appellatum
1224 1319 1318 1351 esse,
1355 1319 1388 1344 e.
1415 1319 1452 1355 g.
1478 1307 1597 1351 tituli,

180 1368 334 1412 praesto
349 1376 428 1401 non
449 1367 551 1401 sunt.
595 1365 782 1401 Attamen
797 1365 960 1401 fortasse
988 1365 1178 1412 quispiam
1202 1364 1308 1401 dicat
1331 1365 1598 1401 testimonium

181 1421 362 1458 historiae
381 1422 578 1469 Aug-ustae
602 1424 708 1458 recto
731 1421 813 1458 talo
833 1425 953 1465 stare;
985 1422 1034 1458 cf.
1056 1421 1258 1459 Hocheum
1276 1434 1316 1470 p.
1339 1425 1373 1465 6,
1395 1421 1461 1469 qui
1481 1425 1598 1469 putat

182 1491 223 1515 re
236 1491 328 1515 vera
341 1482 495 1526 gentem
509 1479 662 1515 Balbini
679 1491 726 1515 ex
744 1491 789 1515 ea
806 1479 1014 1526 adoptione
1034 1479 1300 1516 deducendam
1316 1491 1397 1515 esse
1414 1479 1599 1515 Balbum-

183 1548 257 1583 que
274 1547 484 1583 cognomen
500 1534 743 1583 Theophanis
759 1536 959 1583 accepisse,
989 1547 1089 1582 quae
1111 1548 1172 1572 res
1187 1536 1287 1573 bello
1304 1536 1407 1572 civili
1423 1536 1599 1572 confecto

181 1593 355 1641 neglecta
379 1593 441 1629 sit.
493 1592 722 1640 Opinionem
759 1592 1001 1641 imperatoris
1038 1593 1156 1641 igitur
1192 1596 1339 1630 rectam
1377 1593 1495 1630 fuisse
1535 1593 1599 1639 (cf.

183 1650 332 1686 Iullien.
381 1662 420 1696 p.
474 1650 597 1695 151)²).
709 1650 797 1685 Mea
855 1654 988 1686 autem
1047 1651 1240 1687 sententia
1292 1650 1382 1686 huic
1430 1650 1601 1698 opinioni

183 1707 337 1744 obstare
371 1706 526 1743 videtur
566 1706 705 1743 titulus
741 1707 912 1754 quidam,
953 1707 1003 1743 de
1034 1718 1111 1754 quo
1135 1707 1237 1744 infra
1265 1707 1418 1755 planius
1447 1707 1600 1755 loquar;

183 1768 314 1802 exstat
344 1764 428 1802 CIL
455 1764 507 1808 X,
542 1767 638 1801 3854
645 1776 654 1808 ;
687 1765 742 1801 ibi
773 1764 934 1813 legimus
965 1764 1166 1802 civitatem
1197 1765 1435 1813 Capuensem
1466 1765 1602 1802 datam

183 1834 265 1859 esse
287 1823 331 1858 L.
349 1821 522 1859 Cornelio
538 1822 582 1858 L.
600 1822 681 1858 filio
704 1822 828 1859 Balbo
850 1834 926 1859 cos.
972 1821 1102 1869 Atque
1118 1834 1189 1870 ego
1211 1823 1378 1866 credam,
1402 1823 1433 1859 si
1456 1823 1603 1860 Balbus

183 1892 225 1917 re
257 1892 349 1917 vera
381 1878 634 1928 Theophanes
666 1879 883 1929 appellatus
914 1883 1027 1924 esset,
1061 1880 1218 1917 minime
1250 1880 1345 1918 illud
1378 1892 1601 1929 cognomen,

184 1938 257 1974 etsi
281 1941 371 1985 post
394 1937 538 1974 bellum
563 1938 673 1974 civile
698 1939 749 1974 ab
774 1950 820 1974 eo
843 1949 922 1975 non
946 1939 1024 1974 iam
1049 1941 1279 1985 usurpatum
1313 1942 1426 1981 esset,
1463 1939 1503 1974 in
1527 1940 1601 1975 hoc

185 1994 340 2042 publico
363 1995 480 2030 titulo
503 1994 728 2030 defuturum
750 1995 879 2031 fuisse.
932 1995 1008 2031 Sed
1031 2006 1091 2030 res
1114 1998 1175 2030 est
1199 1995 1357 2031 incerta.

281 2061 498 2108 Pompeius,
528 2061 598 2108 ,qui
618 2065 765 2108 quanto
783 2062 869 2097 usui
887 2061 1034 2097 Balbus
1051 2065 1152 2097 esset
1169 2062 1324 2098 futurus
1354 2074 1433 2098 non
1452 2063 1600 2110 ignora-

186 2119 267 2161 bat,
286 2129 376 2154 eum
395 2117 528 2154 multis
545 2118 656 2154 donis
674 2118 859 2162 donabat,
881 2129 979 2165 quae
998 2118 1111 2155 Balbi
1130 2118 1317 2155 invidiam
1335 2119 1436 2155 inter
1453 2119 1601 2156 nobiles

186 2179 362 2213 exortam
380 2175 443 2212 vel
468 2175 674 2223 augebant.
716 2175 851 2223 Ipsum
876 2187 968 2213 vero
994 2175 1060 2212 illa
1085 2176 1232 2213 invidia
1257 2188 1336 2213 non
1362 2177 1599 2220 offendebat,

187 2233 266 2282 qui,
307 2245 397 2270 cum
440 2233 569 2269 omnia
609 2232 799 2270 invidiosa
839 2233 1066 2282 neglegeret,
1111 2245 1182 2271 sua
1224 2234 1601 2283 magnificentissime

296 2367 319 2405 ²)
342 2367 385 2397 R.
401 2367 442 2397 Ε.
462 2366 547 2402 111²,
573 2367 654 2398 1258
676 2377 702 2398 s.
723 2377 757 2398 v.
776 2367 867 2398 Caeli
889 2368 940 2398 20.

295 2423 321 2462 ¹)
342 2423 403 2454 Vir
424 2424 546 2455 doctus
569 2424 707 2455 Carolus
729 2425 848 2455 Heiter
870 2424 907 2455 in
928 2424 1164 2457 dissertatione
1187 2435 1258 2460 sua,
1294 2435 1381 2465 quae
1410 2426 1602 2457 inscribitur

189 2473 264 2508 „De
291 2471 441 2513 patriciis
468 2472 635 2512 gentibus,
664 2482 751 2513 quae
779 2472 897 2514 imperi
924 2473 1072 2505 Romani
1096 2474 1237 2506 saeculis
1259 2474 1287 2505 Ι.
1311 2473 1358 2505 11.
1381 2474 1436 2505 ΠΙ
1452 2474 1601 2506 fuerint“

189 2521 311 2558 (Berol.
338 2522 430 2558 1909)
453 2524 556 2560 putat
576 2521 634 2552 illa
654 2531 676 2552 a
697 2521 840 2552 Balbino
863 2521 945 2552 ficta
966 2531 1046 2552 esse.
