1965 3015
714 417 955 498 Caput
992 419 1044 478 I.

549 534 617 580 ne
648 536 694 580 L.
724 535 912 581 comen
942 534 1073 580 Balbi
1101 534 1212 579 vita.

835 653 854 700 §
881 655 913 689 1.

271 727 527 771 „Bewundert
555 728 631 765 viel
657 729 740 766 und
767 728 844 766 viel
870 728 1090 777 gescholten
1118 728 1194 755 —-“
1223 729 1295 764 hoc
1328 726 1589 764 Goethianum

172 785 220 821 de
248 784 396 821 Helena
422 785 570 822 dictum
598 786 786 833 quadrare
812 786 907 823 mihi
933 785 1088 822 videtur
1114 785 1234 822 etiam
1261 796 1350 821 cum
1377 784 1417 820 in
1444 783 1590 820 multos

173 841 268 878 alios
305 842 477 879 homines
515 846 600 879 tum
638 844 748 880 inter>
776 844 974 880 Romanos
1011 843 1052 879 in
1090 843 1134 878 L.
1163 841 1380 879 Cornelium
1406 840 1587 883 Balbum,

171 897 330 947 Pompei
355 899 599 947 Caesarisque
623 901 803 944 amicum,
830 911 945 947 quem
964 899 1094 937 Cicero
1119 899 1292 935 oratione
1311 909 1382 934 sua
1400 897 1587 934 defendit.

170 955 295 998 Quam
328 958 552 1000 orationem,
586 961 633 993 ut
666 957 981 1004 pertractandam
1012 955 1107 992 mihi
1140 966 1404 1003 proponerem,
1438 954 1589 991 iactum

171 1015 230 1048 est
256 1013 427 1049 Eduardi
453 1013 623 1050 Nordeni
649 1014 698 1049 de
724 1013 903 1050 Cicerone
928 1012 1079 1054 scholis,
1118 1012 1184 1059 qui
1220 1011 1462 1048 auditoribus
1498 1010 1588 1053 suis,

171 1072 217 1106 ut
241 1070 340 1108 hanc
362 1071 575 1107 orationem
595 1070 799 1107 doctorum
817 1070 989 1107 virorum
1005 1068 1144 1106 studiis
1159 1069 1287 1105 minus
1302 1069 1591 1115 frequentatam

171 1126 334 1169 adirent,
367 1127 527 1163 suadere
558 1127 719 1163 solebat.
781 1127 894 1171 Quod
925 1126 1169 1173 amplexatus
1200 1138 1287 1162 sum
1317 1137 1363 1161 eo
1395 1125 1589 1168 libentiae,

172 1195 249 1230 quo
283 1184 406 1232 magis
440 1182 535 1220 mihi
570 1184 648 1220 iam
683 1183 751 1221 diu
785 1183 924 1221 ultima
959 1183 1024 1220 illa
1058 1183 1200 1220 liberae
1235 1183 1501 1219 Romanorum
1535 1182 1590 1218 rei

170 1240 346 1287 publicae
370 1240 629 1277 labefactatae
653 1253 698 1277 ac
722 1241 893 1278 defessae
917 1245 1094 1288 tempora
1118 1241 1223 1276 cordi
1247 1243 1371 1277 erant.

267 1298 398 1344 Atque
423 1301 483 1334 est
509 1299 554 1334 L.
582 1298 777 1335 Cornelius
803 1298 949 1336 Balbus
974 1309 1054 1335 non
1080 1309 1159 1334 una
1185 1298 1334 1334 ratione
1360 1296 1421 1333 vir
1447 1297 1587 1333 summi

170 1355 374 1398 momenti;
413 1367 492 1391 non
518 1355 641 1392 solum
667 1356 707 1392 in
732 1356 846 1392 rebus
870 1355 1033 1403 publicis
1058 1354 1158 1391 clam
1182 1355 1389 1403 palamque
1413 1354 1588 1401 gerendis

171 1411 456 1460 sagacissimum
496 1424 536 1449 se
573 1413 786 1460 praebebat
818 1414 1013 1450 hominem
1045 1433 1096 1439 -
1128 1412 1347 1450 Ciceronem
1383 1414 1587 1458 tantopere

171 1469 268 1506 aeris
292 1469 405 1506 alieni
429 1469 577 1517 laqueis
600 1470 778 1514 irretivit,
803 1474 850 1507 ut
873 1470 936 1507 ille
960 1473 1155 1518 postremo
1178 1474 1382 1516 tamquam
1406 1468 1522 1516 piscis
1546 1469 1587 1504 in

170 1526 357 1564 verriculo
404 1527 625 1574 palpitaret,
657 1549 707 1555 —
738 1528 805 1564 sed
849 1528 969 1565 etiam
1014 1538 1171 1574 operam
1215 1527 1389 1563 navabat
1433 1525 1586 1569 litteris,

171 1596 335 1631 quarum
358 1584 562 1621 verisimile
586 1588 646 1621 est
670 1585 843 1622 studium
866 1597 946 1622 non
971 1585 1095 1622 solum
1119 1585 1160 1621 in
1184 1596 1230 1621 eo
1254 1585 1350 1632 ipso,
1377 1583 1444 1620 sed
1468 1583 1588 1620 etiam

170 1642 211 1677 in
235 1643 322 1676 tota
345 1640 427 1677 eius
450 1644 564 1689 gente
587 1641 803 1688 floruissel).
920 1644 922 1646 ’

266 1697 523 1744 Quaecunque
556 1699 605 1735 de
637 1699 681 1735 L.
716 1699 889 1736 Cornelio
922 1699 1047 1736 Balbo
1078 1698 1271 1741 novimus,
1304 1709 1427 1746 paene
1459 1697 1590 1734 omnia

170 1766 259 1791 cum
277 1766 299 1789 e
317 1754 507 1791 Ciceronis
525 1756 698 1792 oratione
722 1767 792 1803 pro
817 1755 882 1792 illo
899 1756 1036 1793 habita
1053 1760 1140 1793 tum
1158 1767 1179 1792 e
1197 1755 1399 1803 permultis
1415 1754 1590 1801 epistulis

170 1812 382 1849 haurienda
413 1815 516 1856 sunt,
548 1813 692 1861 passim
723 1813 790 1850 alii
821 1825 974 1861 quoque
1005 1814 1209 1863 scriptores
1239 1812 1447 1850 adhibendi
1478 1815 1590 1847 erant

172 1871 225 1916 (v.
250 1869 442 1916 indicem).
507 1870 743 1908 Monendum
771 1883 864 1908 vero
893 1875 953 1908 est
981 1872 1083 1909 inter
1109 1871 1294 1919 epistulas
1323 1870 1589 1908 Ciceronianae

168 1927 373 1965 nonnullas
402 1939 484 1964 esse
515 1940 612 1976 quas
642 1928 788 1966 Balbus
817 1929 870 1966 M.
902 1928 1026 1966 Tullio
1055 1929 1162 1966 misit
1194 1927 1354 1977 (Tyrrell
1386 1930 1470 1972 346,
1503 1929 1587 1970 354,

172 1988 245 2021 370
269 2002 308 2015 =
333 1985 384 2020 ad
403 1985 489 2022 Att.
511 1986 623 2029 VIII,
650 1990 694 2021 15
706 1987 759 2029 A;
795 1987 869 2030 IX,
897 1987 963 2029 7b;
1002 1990 1046 2023 13
1059 1988 1140 2033 A.);
1188 1998 1307 2023 unam
1332 1986 1485 2033 scripsit
1508 1997 1588 2021 una

170 2054 259 2078 cum
283 2042 409 2089 Oppio
433 2041 492 2088 (Τ.
517 2046 585 2079 351
615 2061 654 2074 =
680 2043 727 2080 A.
751 2043 825 2087 IX,
851 2045 928 2089 7a);
964 2056 1083 2080 unam
1106 2056 1130 2080 a
1152 2042 1331 2081 Cicerone
1353 2043 1502 2090 accepit
1527 2040 1585 2088 (T.

172 2102 242 2135 347
264 2116 303 2129 =
322 2099 370 2134 A.
390 2099 464 2141 IX,
486 2102 554 2145 70).
604 2100 782 2136 Ceterum
804 2112 883 2137 non
907 2112 1057 2148 semper
1078 2101 1190 2137 facile
1213 2105 1273 2137 est
1297 2100 1348 2136 ad
1373 2101 1586 2136 diiudican-

169 2156 276 2199 dum,
300 2156 425 2192 utrius
449 2156 574 2200 Balbi,
599 2157 754 2193 maioris
777 2169 829 2194 an
852 2158 1021 2202 minoris,
1050 2158 1124 2194 fiat
1155 2158 1196 2194 in
1219 2157 1393 2205 epistulis
1425 2157 1585 2200 mentio,

170 2224 259 2249 cum
283 2212 435 2260 saepius
459 2213 556 2250 nihil
579 2214 654 2250 nisi
677 2225 818 2250 nomen
843 2215 956 2251 Balbi
981 2215 1032 2251 sit
1058 2219 1419 2258 commemoratum;
1453 2219 1586 2251 tamen

169 2270 218 2306 de
243 2273 333 2306 utro
365 2270 529 2315 dicatur,
570 2271 732 2315 videbis,
777 2271 809 2307 si
841 2272 1043 2320 diligenter
1074 2273 1359 2320 contemplatus
1391 2272 1465 2309 eris
1496 2283 1585 2308 cum

169 2324 380 2373 περίστασιν
411 2328 598 2376 epistulae
622 2332 708 2365 tum
735 2340 812 2377 quo
836 2332 1010 2378 tempore
1034 2330 1178 2379 scripta
1202 2331 1265 2367 sit.

278 2433 302 2471 ι)
338 2433 553 2473 Quamquam
579 2433 726 2474 Hispani
752 2437 872 2475 postea
897 2436 1036 2467 demum
1070 2436 1191 2466 litteris
1226 2436 1325 2467 valde
1359 2435 1584 2471 excellebant;

170 2481 214 2512 cf.
236 2481 311 2513 aliis
331 2481 577 2522 praetermissis
602 2483 774 2519 Senecam,
796 2484 1053 2520 Quintilianum,
1076 2484 1276 2515 Martialem.
