1965 3015
721 181 961 217 ..21-

130 274 393 325 fungebantur
409 278 565 325 rebus1),
582 290 708 326 neque
725 282 858 316 tamen
877 279 1084 327 quicquam
1102 279 1196 316 certi
1214 282 1260 316 ut
1277 277 1554 326 responderent

131 333 217 372 fieri
249 339 404 382 poterat
437 340 529 373 ante
562 337 733 374 Caesaris
765 337 946 373 reditum.
1014 337 1259 383 Quamquam
1292 336 1347 372 illi
1380 335 1553 371 mitiores

131 390 252 428 fratre
280 392 424 436 Quinto
459 393 500 429 in
535 404 624 430 eum
651 404 692 429 se
713 393 977 442 praestabant,
1005 393 1114 430 cuius
1142 392 1371 442 epistulas2),
1412 391 1553 439 quibus

133 459 223 485 eum
265 461 368 487 anno
410 450 663 497 praecedente
706 451 812 498 apud
854 451 1055 488 Caesarem
1098 454 1360 493 accusaverat,
1405 449 1553 485 Balbus

133 504 186 540 M.
218 504 342 542 Tullio
373 506 581 543 tradendos
611 507 775 544 curavit.
837 507 973 554 Neque
1004 518 1091 555 spes
1121 507 1230 544 illum
1270 506 1418 548 fefellit,
1462 516 1552 541 cum

133 561 272 601 Caesar
298 574 473 600 reversus
495 563 531 600 ei
559 563 670 600 daret
694 564 860 601 veniam.
917 564 1029 608 Quod
1052 576 1132 601 non
1154 564 1278 601 solum
1302 563 1554 610 benignitatis

134 622 230 662 erat,
255 620 323 656 sed
340 620 471 657 Cicero
494 623 590 663 erat,
616 624 662 656 ut
686 621 743 657 ita
766 621 906 664 dicam,
931 621 1050 658 etiam
1075 624 1169 659 tunc
1194 621 1234 657 in
1259 632 1373 656 scena
1396 618 1555 667 publica

134 674 234 713 illius
257 677 476 725 tragoediae
499 689 546 714 ea
568 689 743 725 persona,
767 678 876 715 cuius
898 678 1089 715 rationem
1113 678 1207 725 quin
1230 678 1391 714 haberet
1414 675 1555 714 Caesar

134 732 259 770 facere
284 746 365 771 non
392 738 559 782 poterat.
616 734 729 778 Quod
755 734 809 771 M.
838 734 1006 771 Tullium
1035 747 1164 772 secum
1192 734 1466 776 reconciliavit,
1496 733 1555 769 ita

133 790 404 838 explicandum
421 795 493 834 est,
511 795 558 827 ut
574 792 837 828 demonstrare
854 791 983 835 vellet,
1003 792 1133 839 qualia
1148 796 1277 828 essent
1294 803 1365 828 sua
1382 789 1554 828 consilia.

135 846 247 890 Quod
274 851 321 884 ut
348 848 531 891 efficeret,
568 848 676 884 illum
705 851 821 884 antea
849 849 1095 885 cunctatione
1125 860 1194 885 sua
1222 849 1357 884 mitem
1385 847 1556 884 faciebat

136 907 178 940 et
201 908 460 942 mansuetum.

231 961 379 1004 Quibus
394 961 508 997 factis
524 961 568 997 L.
585 960 781 999 Cornelius
796 961 942 997 Balbus
957 983 1007 988 —
1020 966 1193 998 revertar
1219 963 1297 998 iam
1321 962 1372 997 ad
1387 973 1477 997 eum
1492 981 1556 1002 —‚

137 1017 280 1065 quippe
304 1018 370 1064 qui
387 1029 412 1053 a
429 1016 588 1054 Caesare
612 1018 772 1053 summis
795 1017 961 1054 affectus
983 1022 1085 1055 esset
1107 1018 1316 1062 beneficiis,
1339 1029 1421 1054 rem
1445 1028 1557 1054 suam

135 1073 363 1111 familiarem
398 1074 610 1111 lautissime
645 1074 847 1111 excolebat
881 1075 1191 1122 aedificabatque
1227 1075 1442 1122 magnifice,
1480 1085 1560 1120 qua

135 1141 177 1167 re
192 1129 412 1168 Ciceronem
432 1131 672 1178 provocabat
697 1131 749 1168 ad
768 1130 907 1177 iram⁸),
936 1131 1002 1179 qui
1028 1143 1259 1180 magnopere
1285 1131 1560 1179 indignabatur

136 1187 311 1224 homines
344 1188 469 1224 multo
493 1188 716 1225 humiliores
742 1191 946 1235 tamquam
973 1200 1079 1237 reges
1107 1201 1147 1224 se
1173 1200 1313 1236 gerere,
1353 1188 1463 1235 quasi
1490 1187 1559 1223 ad-

137 1245 273 1280 missos
302 1248 344 1280 et
374 1245 415 1281 in
445 1256 554 1281 sacra
583 1245 799 1293 receptos⁴).
844 1244 990 1282 Tamen
1015 1246 1120 1282 omni
1144 1247 1202 1282 ira
1230 1245 1449 1293 postposita
1478 1255 1558 1281 non

136 1301 420 1350 dedignabatur
449 1314 582 1338 eorum
613 1303 672 1339 uti
703 1302 853 1346 officiis,
898 1315 988 1339 cum
1019 1303 1165 1349 aliquid
1194 1303 1350 1350 gravius
1380 1305 1558 1349 ageretur

136 1361 376 1405 ventumque
412 1362 513 1395 esset
549 1360 590 1395 in
626 1359 842 1402 discrimen,
882 1360 986 1406 quod
1023 1364 1069 1396 ut
1106 1359 1326 1406 exemplum
1362 1359 1556 1406 proferam

137 1415 286 1452 factum
309 1419 381 1458 est,
406 1427 495 1452 cum
517 1427 583 1452 eos
605 1420 745 1459 oraret,
769 1420 815 1453 ut
838 1415 1038 1453 Caesarem
1062 1416 1312 1464 impellerent,
1336 1427 1385 1452 ne
1409 1415 1557 1451 diutius

139 1475 325 1519 quattuor
340 1472 425 1508 illos
439 1473 694 1520 Pompeianos
710 1474 750 1509 in
766 1473 943 1510 exsilium
959 1475 1095 1510 missos
1112 1475 1317 1521 quominus
1332 1474 1372 1509 in
1386 1472 1556 1520 patriam

137 1533 421 1566 reverterentur
444 1530 668 1576 retineret-1⁵).

236 1586 290 1622 Et
320 1586 466 1623 Balbus
497 1587 652 1634 quidem
682 1591 723 1623 et
755 1588 902 1635 Oppius
931 1599 1057 1634 neque
1087 1588 1127 1624 in
1157 1587 1329 1623 Africam
1358 1598 1438 1623 una
1468 1597 1559 1623 cum

139 1642 298 1681 Caesare
317 1644 480 1691 profecti
500 1648 592 1681 sunt
610 1656 681 1681 nec
701 1656 804 1682 anno
825 1648 872 1681 45
892 1645 933 1682 in
952 1645 1142 1693 Hispania
1161 1647 1446 1693 pugnaverunt,
1468 1643 1561 1691 quia

139 1701 288 1737 Romae
311 1702 405 1738 satis
428 1713 569 1749 magna
591 1703 748 1749 negotia
765 1702 977 1745 habebant,
1001 1706 1048 1738 ut
1066 1703 1149 1738 eius
1166 1714 1227 1738 res
1245 1702 1562 1738 administrarent

138 1758 387 1802 nummarias,
413 1759 453 1796 in
480 1759 620 1807 quibus
643 1771 723 1797 non
748 1759 908 1797 minima
932 1763 1017 1796 erat
1041 1771 1100 1804 ea,
1128 1771 1227 1808 quae
1253 1760 1293 1797 in
1318 1759 1470 1796 actione
1495 1758 1562 1795 illa

250 1893 274 1929 ¹)
297 1892 347 1922 Of.
369 1893 415 1924 ad
437 1893 511 1923 Att.
533 1893 600 1928 XI,
626 1894 664 1923 18
687 1893 734 1931 (d.
761 1894 810 1924 19.
833 1892 903 1923 iun.
928 1894 991 1930 47).

252 1939 278 1977 ²)
306 1939 355 1970 Cf.
383 1940 429 1972 ad
455 1941 529 1971 Att.
557 1941 622 1975 XI,
652 1943 682 1975 8,
711 1942 731 1971 2
759 1943 805 1979 (v.
833 1942 889 1978 s.):
928 1940 1074 1976 Quintus
1099 1939 1193 1970 misit
1219 1939 1328 1969 filium
1354 1949 1424 1969 non
1450 1939 1560 1969 solum

145 1986 398 2026 deprecatorem
423 2004 458 2009 —
486 1987 606 2018 mittat
628 1988 777 2027 aliquem
799 1988 928 2018 Balbus
946 2009 954 2017 .
968 2009 975 2017 .
989 2009 997 2016 .
1010 1998 1040 2022 .;
1078 1987 1150 2021 22,1
1178 1988 1242 2024 (ex.
1267 1996 1344 2025 aug.
1371 1987 1439 2024 4⁷):
1477 1985 1559 2016 Dili-

144 2036 260 2073 genter
280 2033 365 2064 mihi
386 2034 584 2065 fasciculum
610 2052 643 2057 —
668 2035 828 2066 redditas-

249 2081 275 2118 ⁸)
295 2081 342 2111 ad
356 2082 430 2111 Att.
446 2082 530 2116 XII,
547 2084 578 2116 2,
595 2084 615 2111 2
631 2082 690 2119 (iu.
705 2092 777 2121 apr.
795 2084 863 2119 4e):
886 2083 933 2112 At
945 2082 1074 2111 Balbus
1087 2080 1262 2116 aedificem
1272 2081 1300 2110 τί
1310 2080 1364 2122 γὰρ
1377 2079 1453 2120 αὸτῷ
1468 2080 1558 2121 μέλις

250 2127 277 2165 ⁴)
297 2128 344 2158 ad
363 2128 438 2158 Att.
460 2128 525 2164 IX,
549 2130 601 2163 7a,
626 2131 641 2158 1
665 2130 712 2166 (v.
734 2131 790 2167 s.)=
825 2128 1013 2159 Hominum
1031 2127 1222 2163 humilium,
1244 2130 1285 2158 ut
1304 2136 1367 2157 nos
1387 2136 1515 2157 sumus.

251 2174 277 2213 ⁸)
301 2175 351 2206 cf.
376 2176 423 2207 ad
445 2175 527 2206 fam.
552 2176 619 2211 IX,
646 2177 695 2211 17,
724 2178 739 2206 l
766 2178 857 2216 (aug.
871 2177 939 2214 46):
976 2176 1056 2206 Non
1078 2178 1119 2206 tu
1142 2176 1245 2206 homo
1273 2192 1306 2197 —·
1334 2185 1403 2205 non
1427 2184 1470 2205 ex
1494 2175 1561 2205 ist-o

145 2223 272 2254 soleam
293 2223 386 2254 scire.

251 2271 297 2302 ad
320 2271 402 2302 fam.
428 2271 488 2307 IV,
517 2272 567 2307 13,
594 2273 614 2302 5
639 2273 728 2312 (aug.
754 2272 809 2302 vel
833 2275 920 2312 sept.
947 2273 1015 2310 4e):
1053 2271 1178 2303 Videor
1200 2270 1285 2301 mihi
1309 2271 1495 2310 perspicere
1524 2288 1557 2293 —

143 2318 341 2350 mirabiliter
353 2319 396 2351 de
408 2322 444 2349 te
457 2322 493 2350 et
505 2320 662 2351 locuntur
673 2323 709 2350 et
720 2320 887 2356 sentiunt;
906 2322 969 2360 §62
983 2329 1065 2350 nam
1077 2323 1113 2350 et
1126 2319 1330 2359 complector
1347 2336 1379 2341 —
1395 2318 1562 2358 perveniri

143 2376 258 2406 posse;
295 2367 356 2402 VI,
374 2367 430 2402 12,
451 2368 472 2397 2
492 2368 591 2407 (sept.
614 2369 681 2405 46):
716 2368 839 2399 Omnia
865 2368 1030 2408 promissa
1056 2367 1259 2398 confirmata
1283 2384 1316 2388 —
1340 2376 1409 2396 non
1429 2366 1561 2402 destiti3

148 2415 198 2450 14,
212 2415 231 2445 3
244 2414 291 2453 (d.
306 2415 356 2445 26.
369 2424 448 2445 nov.
463 2415 532 2453 46):
557 2415 630 2455 Ego
641 2418 759 2447 tamen
769 2416 840 2447 tuis
856 2433 889 2438 —-
906 2415 1122 2456 supplicabo;
1147 2416 1179 2451 8,
1195 2416 1210 2446 1
1226 2415 1310 2454 (dec.
1326 2415 1393 2452 46):
1419 2437 1426 2445 .
1441 2436 1448 2444 .
1462 2437 1470 2444 .
1484 2436 1491 2444 .
1509 2413 1562 2453 egi

145 2463 362 2494 vehementer
381 2480 414 2484 —
432 2463 486 2493 uti
500 2463 625 2493 liceret.
645 2481 677 2486 —-
697 2465 807 2495 Erant
821 2465 859 2495 P.
875 2464 1031 2503 Nigidius
1044 2463 1194 2502 Figulus,
1209 2463 1249 2493 Τ.
1265 2462 1407 2501 Ampius
1422 2461 1561 2495 Balbus,

143 2509 207 2546 Qu.
231 2509 393 2550 Ligarius,
415 2510 456 2540 A.
477 2510 629 2542 Caecina.
