1965 3015
817 160 1056 196 -63-

320 261 454 299 Altera
479 271 570 306 pars
594 260 847 305 perorationis
871 264 932 296 est
957 261 1170 308 indignatio
1198 262 1261 307 (de
1285 262 1365 297 inv.
1393 261 1426 303 I,
1455 263 1514 302 53,
1546 262 1640 304 100).

224 318 376 355 Primus
420 316 528 353 locus
574 316 740 353 sumitur
785 317 835 352 ab
873 318 1119 360 auctocitate‚
1158 329 1246 354 cum
1283 327 1640 358 commemoramu8‚

225 377 395 423 quantae
425 384 540 411 curae
570 384 632 410 res
661 385 707 410 ea
737 373 854 411 fuerit
885 375 942 418 iis,
980 386 1143 422 quorum
1173 376 1385 412 auctoritas
1415 375 1642 423 gravissima

224 432 365 469 debeat
392 442 474 466 esse
514 430 577 475 (de
604 431 683 466 inv.
711 430 743 473 Ι,
765 434 824 474 53,
849 434 943 477 101.)
981 432 1069 468 Huc
1096 436 1275 479 spectant
1301 434 1335 479 ξιξ
1355 435 1402 468 59
1430 444 1460 468 s.
1478 432 1507 469 f.
1529 431 1642 478 63164

225 490 590 535 (commemorantur
622 487 762 525 Caesar
793 492 834 526 et
867 489 1097 537 Pompeius).
1121 511 1172 517 -
1199 490 1395 527 Secundus
1428 490 1534 526 locus
1567 492 1640 531 est,

223 558 293 594 per
307 556 422 592 quem
436 545 501 581 illa
513 556 586 588 res,
603 545 654 581 ad
669 557 765 592 quos
777 547 982 593 pertineat,
995 559 1084 583 cum
1098 548 1398 594 amplificatione
1411 546 1640 588 ostenditur,

225 606 296 640 aut
318 602 370 639 ad
393 614 525 639 omnes
549 606 619 638 aut
641 603 693 639 ad
715 604 898 640 maiorem
921 607 1072 652 partem
1094 608 1165 641 aut
1187 605 1239 641 ad
1261 605 1485 652 superiores,
1510 603 1642 650 quales

225 663 318 697 sunt
346 660 386 702 ii,
427 671 591 706 quorum
620 672 669 696 ex
698 661 930 698 auctoritate
959 662 1172 708 indignatio
1202 662 1367 697 sumitur
1402 682 1454 687 —
1489 661 1538 696 de
1568 661 1640 695 hac

225 728 266 753 re
289 716 339 752 cf.
363 717 398 762 ἕξ
423 718 470 752 64
482 728 587 764 sqq.;
625 717 677 752 ad
700 718 836 754 verba:
869 718 1006 754 deinde
1030 722 1207 755 senatum
1230 740 1280 744 —
1302 719 1458 760 iudices,
1484 717 1550 764 qui
1574 717 1641 752 ad-

225 774 440 821 probarunt
480 774 529 810 cf.
571 774 619 810 de
659 775 738 811 inv.
779 775 811 818 Ι,
845 778 904 818 53,
941 778 1025 811 101:
1079 776 1299 811 hominibus
1338 774 1641 822 sapientissimis,

226 831 390 874 senatui,
432 831 588 878 populo.
626 852 676 858 —
712 831 863 869 Tertius
899 832 1005 869 locus
1041 836 1114 876 est,
1152 844 1220 880 per
1257 844 1371 879 quem
1410 832 1641 879 quaerimus,

226 888 412 935 quidnam
437 888 528 924 mali
553 889 604 924 sit
627 890 905 935 eventurum&
929 918 937 926 .
954 918 962 926 .
978 918 986 925 .
1003 918 1011 926 .
1036 901 1086 925 ex
1111 901 1200 936 quo,
1226 889 1320 936 quid
1343 889 1435 924 mali
1459 889 1510 924 sit
1527 900 1642 924 even-

225 949 370 988 turum,
406 945 768 983 demonstrabimus.
831 947 888 984 Of.
915 959 985 993 pro
1012 946 1057 982 B.
1084 948 1102 992 ξ
1129 949 1175 982 65
1201 958 1231 982 s,
1257 947 1304 982 f.:
1341 946 1489 981 accedit
1523 946 1643 981 etiam

227 1001 322 1038 illud
345 1023 396 1028 —
419 1007 646 1040 ornamento
670 1015 751 1039 esse
776 1003 932 1040 malitis.

322 1068 556 1115 Conquestio
597 1073 658 1106 est
701 1071 826 1107 oratio
868 1070 1090 1107 auditorum
1137 1069 1436 1105 misericordiam
1483 1071 1646 1115 captans

221 1125 291 1170 (de
313 1126 394 1162 inv.
418 1126 451 1169 Ι,
477 1130 536 1169 55,
564 1130 658 1172 106).
704 1127 856 1163 Primus
887 1127 994 1163 locus
1024 1130 1084 1162 est
1109 1126 1401 1168 misericordiae,
1427 1136 1496 1172 per
1518 1136 1645 1171 quem,

227 1182 367 1230 quibus
391 1183 432 1220 in
457 1184 568 1221 bonis
592 1184 736 1221 fuerint
761 1188 801 1220 et
825 1195 929 1221 nunc
954 1184 1095 1230 quibus
1119 1184 1160 1220 in
1180 1183 1292 1219 malis
1314 1183 1404 1225 sint,
1430 1182 1648 1218 ostenditur

228 1239 268 1284 (l.
293 1251 326 1276 c.
355 1243 449 1287 107).
496 1240 554 1278 cf.
577 1253 649 1289 pro
672 1241 718 1277 B.
745 1242 785 1288 ἐξ
808 1244 855 1277 59
877 1241 978 1277 med.
1004 1241 1104 1288 63s4.
1151 1240 1208 1277 Of.
1232 1243 1334 1287 part.
1358 1251 1413 1276 or.
1441 1242 1496 1283 17,
1524 1241 1583 1275 57.

322 1307 477 1344 Laudat
500 1309 639 1344 merita
661 1308 775 1344 Balbi
796 1309 815 1353 ξ
839 1310 903 1350 63;
940 1319 999 1349 ea,
1024 1307 1163 1353 quibus
1186 1306 1248 1341 ille
1271 1318 1313 1341 se
1334 1306 1521 1347 affecerit,
1545 1306 1646 1340 sicut

225 1363 304 1398 iam
327 1375 444 1411 supra
465 1364 559 1408 dixi,
583 1365 600 1410 ξ
625 1367 684 1407 59,
709 1376 786 1411 qua
808 1364 1050 1411 paragrapho
1072 1363 1214 1400 transit
1236 1374 1260 1398 a
1283 1362 1576 1399 confirmatione
1599 1374 1645 1397 ac

225 1420 459 1456 refutatione
486 1422 538 1456 ad
565 1421 864 1463 conclusionem;
908 1421 1018 1466 quasi
1045 1420 1200 1466 utrique
1227 1420 1331 1465 parti
1359 1419 1486 1454 addici
1514 1422 1645 1465 potest

228 1476 322 1512 haec
347 1478 622 1525 paragraphus.

325 1544 382 1580 cf.
406 1544 543 1581 Rohde
573 1545 695 1591 140s1.

323 1610 492 1654 Quartus
527 1611 711 1654 decimus,
750 1611 816 1658 qui
849 1623 917 1658 per
944 1610 1248 1647 obsecrationem
1276 1610 1458 1652 sumitur;
1500 1610 1540 1645 in
1569 1620 1645 1655 quo

226 1671 387 1704 orantur
415 1669 531 1705 modo
560 1669 626 1712 illi,
658 1669 724 1716 qui
754 1668 932 1711 audiunt,
973 1667 1109 1704 humili
1132 1671 1174 1703 et
1198 1667 1362 1714 supplici
1385 1667 1571 1709 oratione,
1601 1670 1646 1702 ut

226 1726 480 1762 misereantur
497 1727 560 1772 (de
576 1727 655 1763 inv.
674 1726 707 1769 I,
727 1728 786 1769 56,
809 1728 903 1771 109).
946 1725 1004 1762 Of.
1021 1736 1092 1772 pro
1109 1724 1155 1760 B.
1173 1725 1191 1771 ξ
1211 1726 1274 1760 62;
1314 1724 1391 1761 Sed
1407 1724 1438 1760 si
1455 1727 1646 1761 certorum

226 1804 277 1809 —
296 1787 428 1820 vestra
448 1795 530 1820 esse
551 1784 743 1831 placatos;
793 1784 811 1829 ξ
837 1786 901 1820 64:
945 1811 954 1820 .
970 1811 979 1820 .
995 1811 1003 1819 .
1019 1810 1028 1819 .
1049 1782 1181 1825 nolite,
1205 1794 1273 1829 per
1293 1782 1386 1818 deos
1408 1781 1647 1823 immortalis,

227 1840 383 1883 iudices,
408 1862 459 1867 -
480 1841 530 1877 de
554 1840 709 1888 publico
734 1841 816 1877 iure
838 1840 1044 1887 disceptat.

329 1908 404 1945 Sed
428 1909 522 1945 hacc
548 1909 626 1944 iam
651 1908 746 1944 satis
770 1908 819 1943 de
844 1908 1079 1944 inventione.

898 2032 976 2077 §2-

630 2117 701 2153 De
738 2118 915 2164 tropis
949 2119 1001 2153 et
1035 2116 1245 2164 figuris.

327 2204 564 2242 Ornamenta
583 2203 772 2239 oratoriae
792 2202 1030 2245 elocutionis,
1058 2203 1241 2249 quoniam
1263 2202 1302 2237 in
1318 2201 1439 2248 tropis
1455 2204 1496 2236 et
1514 2200 1647 2246 figuris

227 2261 449 2308 planissime
480 2260 774 2308 perspiciuntur,
807 2259 857 2295 de
889 2260 949 2295 his
981 2271 1084 2296 nunc
1117 2259 1248 2306 paucis
1280 2257 1542 2294 disserendum
1566 2268 1648 2293 esse

230 2319 327 2355 mihi
351 2318 518 2354 videtur.

337 2457 362 2494 ²)
380 2457 488 2487 Recto
515 2455 637 2486 Rohde
663 2457 782 2485 monet
811 2455 883 2489 136,
911 2455 990 2486 adn.
1015 2456 1047 2485 l:
1080 2453 1168 2489 „Hic
1185 2456 1239 2483 est
1256 2453 1350 2483 loeus
1368 2461 1412 2482 ex
1429 2455 1569 2487 eventu,
1590 2452 1649 2492 qui

230 2504 335 2534 etiam
356 2503 392 2533 in
412 2502 706 2542 argumentatione
727 2501 945 2532 adhibetur“.
