1965 3015
915 150 1153 186 -18-

315 248 459 296 gloriae
497 248 740 292 invidebant,
781 260 947 296 quorum
985 248 1115 287 Cicero
1154 249 1312 286 omnino
1349 252 1435 287 erat
1470 250 1746 298 nobilissimus,

316 305 470 341 sedaret
497 306 659 348 animos,
687 309 822 343 tamen
849 307 1008 343 minime
1035 307 1208 354 perfecit,
1236 309 1282 342 ut
1309 305 1372 342 ille
1399 307 1567 343 Romam
1594 309 1747 346 veniret

321 362 388 408 (ad
410 362 496 399 Att.
522 362 636 406 VIII,
664 365 699 406 2,
730 366 761 399 1.
788 363 828 400 d.
859 367 902 400 17
927 364 1024 401 febr.
1051 361 1139 411 49).

414 419 570 456 Interea
601 420 742 457 Caesar
773 421 898 457 Balbo
931 421 1146 468 Oppioque,
1179 422 1246 468 qui
1276 421 1359 458 eius
1389 425 1476 458 tum
1505 425 1618 460 erant
1648 423 1745 458 ami-

315 477 470 520 cissimi,
510 478 759 525 magnificam
798 479 905 526 pacis
944 479 1054 525 quasi
1092 479 1436 526 proclamationem
1473 478 1637 515 tradidit
1677 479 1745 525 (ad

315 535 402 571 Att.
423 535 498 578 IX,
520 538 541 571 7
561 548 582 571 c
596 557 646 563 —
659 548 698 573 v.
719 538 777 582 s.)‚
799 548 876 583 qua
895 547 1008 572 suum
1026 536 1066 572 in
1084 537 1219 583 primis
1236 548 1319 573 esse
1336 536 1548 574 declaravit
1566 536 1746 573 hostibus

315 603 471 639 parcere
487 596 607 639 atque
621 594 802 630 omnibus
816 593 966 635 offerre,
982 596 1029 629 ut
1044 604 1133 629 cum
1148 591 1386 631 Caesarianis
1401 606 1440 630 se
1455 594 1743 641 coniungerent.

315 648 402 694 Qua
415 649 464 686 de
478 661 519 686 re
534 650 727 687 celerrime
741 649 888 686 Balbus
901 652 942 686 et
957 650 1106 697 Oppius
1120 650 1341 688 Ciceronem
1353 651 1529 688 fecerunt
1542 651 1743 687 certiorem

315 707 559 753 epistulaque
584 719 664 743 una
689 707 832 754 scripta
860 707 926 752 (ad
950 707 1035 743 Att.
1063 707 1137 750 IX,
1166 711 1187 743 ’7
1201 720 1340 744 a—-v,
1368 711 1412 753 s.)
1438 712 1598 745 orarunt
1623 712 1745 754 atque

315 763 577 806 obsecrarunt,
607 767 653 799 ut
680 764 829 799 neutris
857 775 897 799 se
926 763 1153 811 adiungeret
1179 764 1370 811 partibus,
1399 765 1625 813 praesertim
1652 775 1745 801 cum

313 820 410 857 nihil
447 820 554 857 aliud
592 824 785 868 spectaret
822 821 896 857 nisi
938 824 984 857 ut
1025 833 1103 869 pax
1139 822 1408 859 restitueretur
1444 822 1595 866 Caesar,
1634 822 1744 859 cuius

313 877 521 924 epistulam
564 878 762 924 quandam
803 878 921 925 paulo
963 881 1053 925 post
1095 877 1267 915 Ciceroni
1309 879 1416 915 misit
1458 880 1502 915 L.
1545 877 1744 916 Cornelius

313 934 542 982 addiditque
575 947 615 971 se
647 935 682 971 ei
715 936 890 972 omnium
921 935 1090 972 maxime
1122 947 1204 972 esse
1235 935 1413 972 deditum
1447 936 1513 982 (ad
1544 936 1630 972 Att.
1664 936 1745 978 ΙΧ,,

312 995 336 1027 7
351 992 404 1037 b),
437 992 577 1038 quibus
608 993 737 1028 verbis
767 993 887 1029 etiam
917 993 1090 1040 perfecit,
1121 1005 1172 1029 ne
1202 993 1277 1036 ille,
1309 994 1488 1039 quamvis
1518 993 1743 1030 admonitus

314 1061 339 1084 a
352 1048 550 1096 Pompeio,
567 1050 703 1086 statim
717 1050 799 1086 eius
814 1061 853 1086 se
867 1050 1078 1087 devoveret
1092 1049 1300 1096 consiliisl).
1331 1050 1377 1086 A.
1394 1050 1433 1087 d.
1449 1050 1524 1086 IX.
1539 1049 1630 1086 Kal.
1645 1050 1740 1098 Apr.

313 1106 461 1143 Balbus
489 1107 541 1143 ad
569 1107 789 1144 Ciceronem
818 1108 971 1155 scripsit
998 1106 1198 1144 Caesarem
1226 1108 1411 1155 Pompeio
1437 1107 1566 1145 denuo
1594 1108 1743 1144 misisse

312 1165 573 1202 internuntios
592 1177 721 1212 seque,
741 1177 830 1202 cum
844 1177 904 1202 res
918 1166 975 1202 ita
988 1177 1028 1201 se
1040 1166 1240 1209 haberent,
1259 1177 1430 1202 maerore
1441 1165 1547 1202 affici
1557 1164 1742 1212 nullaque

312 1233 354 1257 re
380 1222 454 1257 nisi
481 1223 588 1268 pacis
616 1223 878 1259 restituendae
907 1234 974 1270 spe
1002 1224 1211 1259 sustentari
1237 1223 1431 1270 professus
1458 1223 1560 1269 estss).
1614 1222 1742 1266 Quam

310 1278 518 1325 epistulam
550 1278 680 1316 Cicero
710 1280 844 1316 Attico
875 1281 1033 1317 missam
1063 1281 1235 1317 irrisione
1266 1280 1436 1327 quadam
1467 1281 1577 1327 quasi
1607 1280 1741 1316 verbe-

310 1334 463 1382 ravit³);
512 1336 617 1383 quod
650 1338 799 1384 optimo
831 1338 913 1373 iure
945 1337 1095 1373 factum
1127 1348 1209 1374 esse
1240 1338 1423 1384 pacisque
1455 1348 1564 1385 spem
1595 1348 1741 1374 vanam

311 1393 429 1429 fuisse
452 1405 501 1429 ex
525 1406 570 1430 eo
594 1398 770 1441 apparet,
797 1394 901 1442 quod
924 1395 1102 1442 proximo
1124 1395 1187 1431 die
1204 1395 1256 1431 ad
1272 1395 1441 1433 amicum
1457 1395 1610 1442 scripsit
1625 1395 1742 1431 Pom-

309 1451 440 1497 peium
462 1452 503 1487 in
528 1451 729 1487 Graeciam
751 1463 833 1488 esse
855 1455 1148 1499 transgressum,
1172 1463 1250 1498 qua
1271 1463 1312 1488 re
1334 1452 1396 1487 ille
1417 1452 1561 1494 effecit,
1583 1463 1633 1488 ne
1653 1452 1740 1487 fieri

309 1511 440 1554 posset
459 1509 628 1552 omnino,
648 1512 694 1545 ut
712 1509 967 1546 dissensiones
984 1508 1348 1557 componerentuff).
1386 1509 1444 1545 De
1463 1508 1588 1546 Balbo
1606 1513 1740 1545 autem

310 1566 562 1608 internuntio,
595 1578 833 1613 quamquam
856 1568 939 1603 eius
970 1578 1112 1603 nomen
1146 1578 1225 1603 non
1260 1566 1408 1609 attulit,
1444 1578 1534 1603 cum
1568 1570 1739 1603 contem-

311 1626 385 1669 ptu
410 1623 488 1659 iam
512 1622 665 1660 locutus
689 1627 749 1661 est
774 1623 946 1670 Cicer05).

410 1680 600 1716 Proximis
627 1682 738 1717 annis
758 1681 904 1717 Balbus
923 1685 964 1718 et
985 1682 1133 1728 Oppius
1153 1683 1301 1718 Romae
1327 1693 1449 1729 paene
1475 1683 1578 1729 regio
1604 1682 1740 1729 funge-

309 1738 456 1774 bantur
477 1748 635 1773 munere
658 1738 848 1774 mandatu
870 1737 1083 1784 Caesaris⁶),
1108 1739 1186 1784 qui,
1211 1749 1462 1785 quaecunque
1485 1738 1539 1774 illi
1560 1738 1741 1774 facienda

420 1869 443 1906 ¹)
466 1869 512 1899 ad
537 1869 612 1899 Att.
632 1869 731 1904 VIII,
755 1871 785 1904 6,
804 1870 824 1899 2
847 1869 893 1906 (d.
914 1870 966 1900 23.
985 1869 1069 1899 febr.
1093 1870 1160 1907 49):
1188 1869 1339 1900 Litterae
1363 1869 1448 1900 mihi
1467 1879 1488 1899 a
1508 1869 1546 1899 L.
1569 1869 1738 1900 Domitio-

307 1917 392 1948 satis
418 1926 490 1947 esse
514 1916 697 1958 relinquas.

416 1965 442 2002 ²)
459 1965 505 1996 ad
522 1965 596 1994 Att.
617 1965 682 1999 IX,
705 1966 775 2000 13a,
796 1966 816 1995 2
836 1965 881 2002 (d.
898 1966 949 1995 20.
969 1969 1070 1995 mart.
1092 1966 1159 2002 49):
1179 1965 1357 2002 Quomodo
1374 1974 1429 1995 me
1445 1975 1536 1996 nunc
1553 1968 1667 2005 putas,
1685 1965 1735 1995 mi

307 2012 432 2047 Cicero,
456 2012 608 2052 torqueri
634 2030 666 2034 —
693 2022 784 2043 nunc
807 2012 1062 2052 exspectatione
1084 2012 1222 2043 crucior.

415 2060 441 2097 ⁸)
461 2060 507 2092 ad.
528 2061 602 2090 Att.
625 2061 690 2095 IX,
718 2062 766 2095 13,
790 2063 809 2091 8
832 2061 877 2098 (d.
894 2062 945 2091 24.
968 2064 1069 2091 mart.
1086 2062 1154 2099 49):
1189 2060 1313 2091 Omnia
1332 2060 1465 2096 misera,
1486 2060 1546 2092 sed.
1565 2060 1630 2091 hoc
1650 2061 1735 2091 nihi}

306 2107 461 2138 miserius
488 2126 520 2130 —
547 2108 656 2138 habeo
678 2109 834 2139 multam.

415 2156 440 2193 ι)
460 2156 506 2186 ad
525 2156 599 2186 Att.
622 2156 687 2191 IX,
711 2157 760 2191 14,
783 2157 802 2186 2
823 2157 869 2194 (d.
893 2157 943 2186 25.
964 2160 1064 2187 mart.
1087 2158 1155 2194 49>2
1189 2156 1257 2187 Ubi
1275 2159 1328 2187 est
1347 2156 1403 2186 illa
1423 2166 1492 2196 pax
1517 2173 1548 2178 —
1578 2157 1735 2187 Gnaeum

308 2203 499 2242 profectum
521 2207 617 2242 puto.

415 2250 440 2288 ὃ)
461 2251 508 2282 ad
529 2252 602 2281 Att.
626 2251 671 2285 X,
698 2253 726 2285 l,
749 2252 769 2281 2
791 2252 837 2288 (d.
863 2253 892 2281 3.
914 2261 986 2291 apr.
1010 2253 1078 2289 49):
1114 2252 1184 2283 iam
1211 2252 1302 2282 enim
1322 2252 1418 2282 illum
1439 2254 1594 2291 emptum
1615 2251 1732 2291 pacifi-

307 2301 458 2329 cat-orem
479 2307 651 2337 perorasse
673 2302 768 2337 puto.
812 2300 863 2332 Cf.
888 2299 927 2330 Ο.
952 2300 992 2329 Ε.
1019 2299 1173 2332 Schmidt
1194 2310 1227 2339 p.
1251 2301 1311 2330 165
1323 2309 1397 2339 sqq.

415 2346 440 2383 ⁶)
459 2346 538 2375 Tac.
563 2356 642 2376 ann.
672 2346 755 2380 XII,
783 2347 837 2376 60:
877 2369 884 2376 .
898 2369 905 2376 .
920 2369 927 2376 .
941 2369 948 2376 .
975 2347 1009 2376 C.
1031 2347 1160 2386 Oppius
1178 2351 1214 2377 et
1232 2348 1270 2377 L.
1291 2347 1462 2377 Cornelius
1480 2347 1608 2377 Balbus
1632 2346 1733 2385 primi

305 2393 456 2424 Caesaris
476 2393 598 2433 opibus
618 2396 759 2433 potuere
779 2394 990 2425 condiciones
1015 2394 1108 2433 pacis
1133 2398 1169 2424 et
1194 2394 1335 2424 arbitria
1360 2394 1440 2424 belli
1466 2397 1614 2424 tractare
1616 2415 1727 2424 ......

414 2442 460 2473 ad
488 2443 562 2472 Att.
592 2442 676 2476 XII,
710 2442 759 2476 12,
792 2443 806 2471 l
838 2442 884 2479 (d.
917 2442 966 2471 16.
994 2445 1095 2471 mart.
1125 2443 1194 2479 45):
1363 2441 1536 2473 tenuiculo
1562 2445 1732 2481 apparatu

303 2489 474 2528 significas
487 2489 636 2520 Balbum
648 2489 751 2519 fuisse
767 2491 976 2519 contentum.
1009 2489 1084 2519 Hoc
1101 2488 1225 2520 videris
1240 2489 1361 2524 dicere,
1378 2498 1456 2519 cum
1469 2498 1564 2528 reges
1575 2491 1650 2520 tam
1663 2489 1735 2520 sint
