1965 3015
748 143 985 182 -53-

157 242 261 279 cium
288 245 360 286 est,
389 243 457 279 sed
483 243 701 291 perfugium
727 247 940 291 portusque
967 244 1155 292 supplicii.
1212 244 1315 281 Nam
1344 244 1410 291 qui
1438 243 1578 280 volunt

155 311 322 348 poenam
340 299 512 347 aliquam
535 300 798 347 subterfugere
822 304 892 337 aut
915 301 1190 345 calamitatem,
1216 314 1263 338 eo
1290 302 1466 345 „solum“
1491 313 1576 338 ver-

157 361 263 401 tunt,
280 357 355 393 hoc
371 359 432 392 est
448 356 578 392 sedem
595 367 641 392 ac
657 356 786 393 locum
802 360 971 394 mutant.
1007 359 1147 406 Itaque
1163 359 1270 395 nulla
1286 359 1326 396 in
1344 359 1426 407 lege
1441 362 1578 396 nostra

156 414 380 462 reperietur,
411 416 459 449 ut
489 413 596 460 apud
626 416 774 449 ceteras
804 414 994 458 civitatee,
1026 416 1258 452 maleficium
1289 416 1411 453 ullum
1441 411 1577 453 exsilio

159 482 241 508 esse
266 469 496 513 multatum3
537 469 606 506 sed
637 481 726 506 cum
757 471 931 507 homines
955 471 1111 508 vincula
1134 484 1247 509 neces
1272 474 1577 521 ignominiasque

157 528 301 570 vitant,
327 538 427 573 quae
450 529 543 563 sunt
565 526 714 574 legibus
736 528 984 571 constitutae,
1009 530 1235 576 confugiunt
1260 531 1369 576 quasi
1392 531 1444 566 ad
1468 542 1576 566 aram

158 586 199 621 in
217 583 406 621 exsilium.
432 583 506 628 Qui
529 584 562 620 si
586 583 626 620 in
652 584 813 622 civitate
830 583 924 633 legis
942 580 1023 621 <rim
1043 585 1170 622 subire
1188 586 1343 630 vellent,
1369 599 1448 624 non
1470 587 1577 635 prius

158 642 359 678 civitatem
391 653 509 687 quam
538 641 664 677 vitam
693 642 937 685 amitterent3
983 643 1074 688 quia
1103 642 1254 686 nolunt,
1283 656 1361 680 non
1392 638 1578 680 adimitur

158 700 205 735 iis
230 697 381 742 civitas,
408 698 476 734 sed
501 697 552 735 ab
578 698 624 735 iis
649 697 879 746 relinquitur
903 701 1023 746 atque
1046 699 1294 747 deponiturl).
1345 700 1460 744 Nam,
1487 712 1577 737 cum

158 768 208 792 ex
226 759 360 792 nostro
379 756 462 791 iure
479 756 645 792 duarum
665 756 871 792 civitatum
889 767 1004 792 nemo
1021 767 1105 792 esse
1123 754 1257 803 possit,
1277 761 1362 793 tum
1381 759 1579 794 amittitur

159 814 254 850 haec
282 811 422 849 civitas
448 812 627 860 denique,
655 824 745 849 cum
773 812 818 856 is,
849 813 915 860 qui
941 813 1126 861 profugit,
1154 818 1330 861 meptus
1356 818 1416 851 est
1444 815 1485 851 in
1511 826 1577 850 ex-

159 870 300 913 silium,
326 870 400 906 hoc
417 873 478 905 est
496 870 537 906 in
555 869 673 905 aliam
693 870 936 915 civitatem2).
979 870 1109 907 Cicero
1129 870 1246 917 igitur
1264 871 1379 906 docet
1398 871 1576 907 exsilium

157 925 419 964 voluntariam
448 926 787 971 renuntiationem,
823 929 870 963 ut
887 926 945 963 ita
960 926 1101 971 dicam,
1130 926 1247 963 fuisse
1271 939 1434 975 eamque
1450 931 1579 964 ortam

158 996 208 1021 ex
231 984 370 1020 timore
392 983 568 1030 periculi;
605 987 692 1020 tum
714 984 873 1020 demum
896 984 1097 1021 civitatem
1119 985 1262 1027 amitti,
1286 997 1375 1021 cum
1398 986 1439 1021 in
1462 985 1579 1021 aliam

159 1043 204 1085 is,
234 1039 301 1089 qui
327 1041 368 1078 in
394 1040 571 1077 exsilium
598 1041 652 1077 ire
679 1041 786 1085 velit,
815 1041 867 1078 sit
892 1044 1082 1089 receptus.
1136 1041 1253 1089 Apud
1279 1041 1374 1078 alias
1401 1041 1581 1078 civitates

159 1111 229 1147 pro
241 1109 367 1146 poena
378 1098 608 1143 habebatur,
620 1110 700 1135 non
711 1099 817 1147 apud
830 1099 1028 1136 Romanos
1038 1099 1093 1135 rei
1104 1098 1283 1147 publicae
1292 1099 1580 1146 temporibusm

161 1160 245 1193 erat
267 1156 398 1203 potius
420 1155 473 1199 id,
497 1156 602 1203 quod
622 1156 776 1193 Graecis
796 1160 858 1193 est
880 1150 1033 1192 ἄσυλον.
1068 1156 1181 1193 Hanc
1198 1156 1418 1204 opinionem
1434 1160 1581 1192 rectam

158 1226 240 1251 esse
272 1213 506 1250 confirmant
537 1213 657 1250 verba
688 1213 879 1251 Ciceronis
911 1213 1166 1261 „confugiunt
1200 1213 1311 1261 quasi
1348 1214 1400 1250 ad
1431 1213 1579 1250 aram“.

258 1279 421 1316 Exsules
457 1291 498 1315 se
531 1280 781 1316 conferebant
819 1292 923 1327 aqua
961 1284 1002 1316 et
1030 1280 1108 1327 igni
1140 1280 1336 1316 interdicti
1374 1280 1579 1327 praecipue

160 1338 200 1374 in
225 1337 339 1373 urbes
363 1336 404 1372 in
428 1336 542 1373 Latio
567 1336 661 1373 sitas
688 1336 787 1382 (Liv.
802 1336 857 1381 Π,
879 1339 902 1372 2
910 1348 920 1381 ;
940 1336 1017 1381 111,
1039 1338 1098 1373 29.
1120 1339 1167 1373 58
1175 1349 1185 1381 ;
1205 1335 1252 1380 V,
1269 1339 1334 1380 43;
1361 1336 1510 1380 XLIII,
1530 1338 1576 1383 2),

161 1405 324 1442 quarum
356 1393 503 1430 incolae
533 1405 623 1430 cum
655 1394 841 1430 Romanis
871 1394 1025 1431 foedere
1055 1394 1251 1431 coniuncti
1281 1397 1394 1431 erant
1424 1397 1466 1431 et
1496 1394 1578 1430 iure

161 1451 271 1499 asyli,
300 1451 405 1498 quod
429 1451 479 1487 ab
503 1454 670 1498 utraque
695 1451 855 1488 civitate
879 1451 1174 1499 comprobatum
1198 1455 1295 1495 erat,
1330 1452 1434 1499 quod
1458 1451 1578 1488 etiam

160 1510 201 1546 in
221 1507 379 1545 coloniis
398 1507 564 1544 florebat
584 1508 733 1545 Latinis
755 1508 846 1555 (Cic.
866 1520 938 1556 pro
958 1508 1068 1546 anc.
1090 1511 1148 1545 98.
1170 1520 1241 1557 pro
1261 1509 1308 1545 B.
1332 1511 1404 1555 27).
1446 1509 1578 1546 Poste-

160 1566 325 1602 rioribus
355 1565 594 1612 temporibus
624 1565 774 1601 exsules
797 1566 918 1602 etiam
941 1566 983 1601 in
1007 1565 1102 1601 alias
1125 1566 1241 1602 urbes
1265 1577 1305 1601 se
1329 1565 1580 1602 conferebant

164 1624 258 1669 (Lic.
284 1621 434 1665 XXVI,
469 1624 503 1658 3.
550 1621 628 1659 Cic.
660 1633 731 1669 pro
764 1623 810 1659 B.
845 1625 924 1669 28);
969 1622 1056 1659 dico
1087 1620 1328 1670 Tarquinios,
1360 1622 1580 1667 Nuceriam,

161 1681 404 1723 Ravennam,
416 1679 523 1715 alias.
537 1679 633 1716 Post
642 1679 786 1716 bellum
795 1680 919 1723 civile,
932 1691 1021 1716 cum
1032 1679 1212 1716 omnibus
1221 1680 1382 1716 urbibus
1392 1679 1582 1716 Italorum

162 1738 301 1774 civitas
331 1736 427 1773 data
456 1739 559 1773 esset
590 1737 780 1780 Romana,
812 1737 869 1774 ire
898 1736 1075 1774 solebant
1104 1737 1224 1774 etiam
1255 1737 1296 1774 in
1325 1737 1441 1774 urbes
1470 1729 1584 1774 extra

162 1795 319 1831 Italiam
346 1794 453 1837 sitas,
479 1794 685 1841 praecipue
710 1795 751 1830 in
781 1794 918 1838 Gallia,
949 1795 1121 1838 Graecia,
1148 1794 1242 1831 Asia
1269 1796 1354 1842 (pro
1379 1794 1479 1832 Mur.
1509 1797 1581 1840 89).

162 1852 222 1889 De
245 1851 380 1889 exsilio
402 1851 482 1899 egit
506 1850 741 1895 Kleinfeller‚
767 1852 816 1888 R.
835 1852 881 1888 E.
900 1851 987 1895 VI',
1016 1854 1268 1888 1683—1685.

259 1910 460 1952 Postremo
491 1909 541 1945 de
572 1909 809 1957 postliminio
840 1910 961 1946 verba
991 1908 1197 1953 faciamus3
1242 1909 1315 1945 hoc
1347 1908 1581 1946 vocabulum

163 1979 187 2003 a
200 1968 380 2005 Cicerone
395 1966 452 2002 ita
464 1966 651 2003 definitur
665 1965 776 2013 (Top.
785 1964 898 2009 VIII,
912 1968 1088 2011 36—37):
1111 1965 1209 2002 Cum
1221 1966 1342 2013 ipsius
1354 1965 1581 2013 postliminii

97 2048 102 2051 -
162 2026 222 2061 vis
247 2023 457 2071 quaeritur,
482 2027 524 2059 et
545 2023 708 2060 verbum
726 2024 854 2070 ipsum
871 2026 1044 2059 notatur.
1090 2023 1137 2060 In
1162 2034 1239 2070 quo
1261 2022 1417 2060 Servius
1435 2026 1579 2066 noster,

271 2155 296 2193 ι)
319 2155 369 2186 cf.
395 2155 594 2195 Gasquyum
616 2165 649 2195 p.
670 2157 720 2186 39.

271 2203 297 2240 ²)
317 2203 373 2233 Ex
391 2202 489 2233 initio
508 2202 610 2233 huius
630 2203 694 2234 loci
712 2202 921 2235 Ciceroniani
939 2202 1099 2234 discimus
1118 2202 1175 2233 hic
1194 2211 1328 2242 quoque
1349 2202 1580 2233 calamitatem

164 2260 226 2290 pro
247 2249 468 2282 danmatione
487 2250 644 2291 intellegi.

272 2298 297 2336 ⁸)
318 2299 509 2329 Mommsen
529 2299 573 2329 R.
592 2299 642 2330 St.
658 2299 701 2330 R.
725 2299 810 2334 IH1,
833 2301 886 2334 51,
907 2299 987 2329 adn.
1010 2300 1039 2329 3.

271 2345 524 2384 Imperatorum
552 2346 693 2378 demum
722 2348 839 2376 aetate
867 2345 1024 2376 exsilium
1053 2354 1116 2385 pro
1146 2353 1258 2385 poena
1287 2344 1480 2376 adhibitum
1510 2353 1582 2374 esse

164 2392 321 2423 videmus
334 2400 378 2422 ex
390 2392 464 2423 loco
474 2392 638 2424 Marciani
650 2392 907 2433 (Dig.XLvm,
919 2393 971 2428 22,
982 2394 1030 2431 5)=
1040 2391 1209 2423 Exsilium
1217 2391 1342 2432 triplex
1351 2395 1418 2422 est:
1439 2394 1501 2422 aut
1512 2399 1581 2421 cer·

166 2442 281 2470 torum
296 2439 447 2470 locorum
463 2438 668 2476 interdictio,
690 2443 753 2471 aut
768 2440 841 2471 lata
855 2440 948 2480 fuga,
968 2442 1011 2470 ut
1026 2439 1180 2470 omnium
1196 2439 1346 2470 locorum
1361 2438 1582 2469 interdicatur

167 2489 303 2524 praeter
329 2488 461 2516 eertum
487 2487 610 2523 locum,
637 2490 701 2518 aut
717 2487 847 2518 insulae
862 2486 1048 2522 vinculum,
1076 2486 1113 2517 id
1127 2489 1182 2517 est
1197 2486 1359 2525 relegatio
1374 2486 1410 2516 in
1426 2485 1581 2516 insulam.
