<?xml version="1.0" encoding="UTF-8"?>
<!DOCTYPE html PUBLIC "-//W3C//DTD XHTML 1.0 Transitional//EN"
    "http://www.w3.org/TR/xhtml1/DTD/xhtml1-transitional.dtd">
<html xmlns="http://www.w3.org/1999/xhtml" xml:lang="en" lang="en">
 <head>
  <title>
</title>
<meta http-equiv="Content-Type" content="text/html;charset=utf-8" />
  <meta name='ocr-system' content='tesseract 3.04.00' />
  <meta name='ocr-capabilities' content='ocr_page ocr_carea ocr_par ocr_line ocrx_word'/>
</head>
<body>
  <div class='ocr_page' id='page_1' title='image "./4737966_0063.png"; bbox 0 0 1965 3015; ppageno 0'>
   <div class='ocr_carea' id='block_1_1' title="bbox 745 154 985 189">
    <p class='ocr_par' dir='ltr' id='par_1_1' title="bbox 745 154 985 189">
     <span class='ocr_line' id='line_1_1' title="bbox 745 154 985 189; baseline 0 -9"><span class='ocrx_word' id='word_1_1' title='bbox 745 154 985 189; x_wconf 64' lang='lat'>-49-</span> 
     </span>
    </p>
   </div>
   <div class='ocr_carea' id='block_1_2' title="bbox 140 251 1572 2074">
    <p class='ocr_par' dir='ltr' id='par_1_2' title="bbox 142 251 1572 1102">
     <span class='ocr_line' id='line_1_2' title="bbox 143 251 1572 300; baseline 0.001 -14"><span class='ocrx_word' id='word_1_2' title='bbox 143 253 241 299; x_wconf 86' lang='lat' dir='ltr'><strong>.(pro</strong></span> <span class='ocrx_word' id='word_1_3' title='bbox 262 251 310 287; x_wconf 88' lang='lat' dir='ltr'><strong>B.</strong></span> <span class='ocrx_word' id='word_1_4' title='bbox 330 252 350 298; x_wconf 68' lang='grc' dir='ltr'><strong>ξ</strong></span> <span class='ocrx_word' id='word_1_5' title='bbox 373 254 446 297; x_wconf 83' lang='grc'><strong>60),</strong></span> <span class='ocrx_word' id='word_1_6' title='bbox 467 251 631 288; x_wconf 84' lang='lat' dir='ltr'><strong>eandem</strong></span> <span class='ocrx_word' id='word_1_7' title='bbox 653 264 698 288; x_wconf 87' lang='lat' dir='ltr'><strong>ac</strong></span> <span class='ocrx_word' id='word_1_8' title='bbox 720 252 906 300; x_wconf 86' lang='lat' dir='ltr'><strong>Pompeio</strong></span> <span class='ocrx_word' id='word_1_9' title='bbox 924 252 1152 290; x_wconf 69' lang='lat' dir='ltr'><strong>facultatem</strong></span> <span class='ocrx_word' id='word_1_10' title='bbox 1173 253 1346 290; x_wconf 86' lang='lat' dir='ltr'><strong>civitatis</strong></span> <span class='ocrx_word' id='word_1_11' title='bbox 1366 252 1417 289; x_wconf 92' lang='lat' dir='ltr'><strong>de</strong></span> <span class='ocrx_word' id='word_1_12' title='bbox 1438 251 1572 288; x_wconf 87' lang='lat' dir='ltr'><strong>consili</strong></span> 
     </span>
     <span class='ocr_line' id='line_1_3' title="bbox 142 308 1571 356; baseline 0 -11"><span class='ocrx_word' id='word_1_13' title='bbox 142 308 372 345; x_wconf 74' lang='lat' dir='ltr'><strong>sententia</strong></span> <span class='ocrx_word' id='word_1_14' title='bbox 387 308 611 356; x_wconf 81' lang='lat' dir='ltr'><strong>singillatim</strong></span> <span class='ocrx_word' id='word_1_15' title='bbox 651 308 804 345; x_wconf 77' lang='lat' dir='ltr'><strong>dandae</strong></span> <span class='ocrx_word' id='word_1_16' title='bbox 844 320 893 345; x_wconf 85' lang='lat' dir='ltr'><strong>ex</strong></span> <span class='ocrx_word' id='word_1_17' title='bbox 934 313 1091 346; x_wconf 81' lang='lat' dir='ltr'><strong>senatus</strong></span> <span class='ocrx_word' id='word_1_18' title='bbox 1131 310 1309 347; x_wconf 89' lang='lat' dir='ltr'><strong>consulto</strong></span> <span class='ocrx_word' id='word_1_19' title='bbox 1350 321 1571 347; x_wconf 81' lang='lat' dir='ltr'><strong>concessam</strong></span> 
     </span>
     <span class='ocr_line' id='line_1_4' title="bbox 150 365 1571 415; baseline 0.002 -14"><span class='ocrx_word' id='word_1_20' title='bbox 150 368 247 409; x_wconf 80' lang='lat' dir='ltr'><strong>esse,</strong></span> <span class='ocrx_word' id='word_1_21' title='bbox 265 365 308 401; x_wconf 89' lang='lat' dir='ltr'><strong>id</strong></span> <span class='ocrx_word' id='word_1_22' title='bbox 321 365 433 412; x_wconf 79' lang='lat' dir='ltr'><strong>quod</strong></span> <span class='ocrx_word' id='word_1_23' title='bbox 444 365 638 402; x_wconf 77' lang='lat' dir='ltr'><strong>militibus</strong></span> <span class='ocrx_word' id='word_1_24' title='bbox 653 365 828 402; x_wconf 88' lang='lat' dir='ltr'><strong>nondum</strong></span> <span class='ocrx_word' id='word_1_25' title='bbox 845 369 930 403; x_wconf 81' lang='lat' dir='ltr'><strong>erat</strong></span> <span class='ocrx_word' id='word_1_26' title='bbox 945 370 1102 411; x_wconf 89' lang='lat' dir='ltr'><strong>notum;</strong></span> <span class='ocrx_word' id='word_1_27' title='bbox 1134 367 1224 403; x_wconf 88' lang='lat' dir='ltr'><strong>huic</strong></span> <span class='ocrx_word' id='word_1_28' title='bbox 1242 367 1414 415; x_wconf 90' lang='lat' dir='ltr'><strong>opinioni</strong></span> <span class='ocrx_word' id='word_1_29' title='bbox 1430 367 1571 403; x_wconf 68' lang='lat' dir='ltr'><strong>funda-</strong></span> 
     </span>
     <span class='ocr_line' id='line_1_5' title="bbox 152 419 1570 464; baseline -0.001 -4"><span class='ocrx_word' id='word_1_30' title='bbox 152 425 286 460; x_wconf 58' lang='lat' dir='ltr'><strong>mento</strong></span> <span class='ocrx_word' id='word_1_31' title='bbox 298 433 381 458; x_wconf 75' lang='grc'><strong>8880</strong></span> <span class='ocrx_word' id='word_1_32' title='bbox 393 422 682 459; x_wconf 69' lang='lat' dir='ltr'><strong>mihividentur</strong></span> <span class='ocrx_word' id='word_1_33' title='bbox 691 422 758 459; x_wconf 71' lang='lat' dir='ltr'><strong>illa</strong></span> <span class='ocrx_word' id='word_1_34' title='bbox 766 423 887 459; x_wconf 72' lang='lat' dir='ltr'><strong>verba</strong></span> <span class='ocrx_word' id='word_1_35' title='bbox 896 423 1111 460; x_wconf 64' lang='lat' dir='ltr'><strong>Plutarchi:</strong></span> <span class='ocrx_word' id='word_1_36' title='bbox 1125 424 1319 464; x_wconf 73' lang='grc' dir='ltr'><em>δοκοῦντος</em></span> <span class='ocrx_word' id='word_1_37' title='bbox 1334 419 1424 459; x_wconf 77' lang='grc' dir='ltr'><strong><em>εἶναι</em></strong></span> <span class='ocrx_word' id='word_1_38' title='bbox 1440 420 1570 459; x_wconf 63' lang='grc' dir='ltr'><em>τούτου</em></span> 
     </span>
     <span class='ocr_line' id='line_1_6' title="bbox 153 475 1569 529; baseline 0.002 -13"><span class='ocrx_word' id='word_1_39' title='bbox 153 475 389 527; x_wconf 49' lang='lat' dir='ltr'><strong>flammineu-</strong></span> <span class='ocrx_word' id='word_1_40' title='bbox 419 479 625 517; x_wconf 77' lang='lat' dir='ltr'><strong>Praeterea</strong></span> <span class='ocrx_word' id='word_1_41' title='bbox 651 479 713 516; x_wconf 90' lang='lat' dir='ltr'><strong>his</strong></span> <span class='ocrx_word' id='word_1_42' title='bbox 741 479 835 517; x_wconf 84' lang='lat' dir='ltr'><strong>locis</strong></span> <span class='ocrx_word' id='word_1_43' title='bbox 863 479 1118 517; x_wconf 75' lang='lat' dir='ltr'><strong>Ciceronianis</strong></span> <span class='ocrx_word' id='word_1_44' title='bbox 1144 482 1228 529; x_wconf 87' lang='lat' dir='ltr'><strong>(pro</strong></span> <span class='ocrx_word' id='word_1_45' title='bbox 1253 481 1300 518; x_wconf 92' lang='lat' dir='ltr'><strong>B.</strong></span> <span class='ocrx_word' id='word_1_46' title='bbox 1327 484 1392 519; x_wconf 82' lang='lat'><strong>46:</strong></span> <span class='ocrx_word' id='word_1_47' title='bbox 1429 481 1569 519; x_wconf 86' lang='lat' dir='ltr'><strong>Possu-</strong></span> 
     </span>
     <span class='ocr_line' id='line_1_7' title="bbox 144 538 1567 586; baseline 0.001 -12"><span class='ocrx_word' id='word_1_48' title='bbox 144 540 302 575; x_wconf 68' lang='lat' dir='ltr'><strong>‘musnei</strong></span> <span class='ocrx_word' id='word_1_49' title='bbox 317 538 435 586; x_wconf 79' lang='lat' dir='ltr'><strong>igitur</strong></span> <span class='ocrx_word' id='word_1_50' title='bbox 463 538 538 575; x_wconf 88' lang='lat' dir='ltr'><strong>tibi</strong></span> <span class='ocrx_word' id='word_1_51' title='bbox 567 538 731 585; x_wconf 87' lang='lat' dir='ltr'><strong>probare</strong></span> <span class='ocrx_word' id='word_1_52' title='bbox 760 540 957 575; x_wconf 75' lang='lat' dir='ltr'><strong>auctorem</strong></span> <span class='ocrx_word' id='word_1_53' title='bbox 985 538 1152 586; x_wconf 88' lang='lat' dir='ltr'><strong>exempli</strong></span> <span class='ocrx_word' id='word_1_54' title='bbox 1181 542 1300 586; x_wconf 80' lang='lat' dir='ltr'><strong>atque</strong></span> <span class='ocrx_word' id='word_1_55' title='bbox 1328 540 1424 576; x_wconf 82' lang='lat' dir='ltr'><strong>facti</strong></span> <span class='ocrx_word' id='word_1_56' title='bbox 1453 539 1567 583; x_wconf 90' lang='lat' dir='ltr'><strong>illius,</strong></span> 
     </span>
     <span class='ocr_line' id='line_1_8' title="bbox 153 594 1566 644; baseline 0.001 -12"><span class='ocrx_word' id='word_1_57' title='bbox 153 595 258 643; x_wconf 89' lang='lat' dir='ltr'><strong>quod</strong></span> <span class='ocrx_word' id='word_1_58' title='bbox 281 607 307 632; x_wconf 81' lang='lat' dir='ltr'><strong>a</strong></span> <span class='ocrx_word' id='word_1_59' title='bbox 328 598 370 632; x_wconf 87' lang='lat' dir='ltr'><strong>te</strong></span> <span class='ocrx_word' id='word_1_60' title='bbox 392 595 647 643; x_wconf 74' lang='lat' dir='ltr'><strong>reprenditur,</strong></span> <span class='ocrx_word' id='word_1_61' title='bbox 671 595 716 633; x_wconf 86' lang='lat' dir='ltr'><strong>G.</strong></span> <span class='ocrx_word' id='word_1_62' title='bbox 737 594 930 633; x_wconf 67' lang='lat' dir='ltr'><strong>Marium?</strong></span> <span class='ocrx_word' id='word_1_63' title='bbox 987 624 996 633; x_wconf 91' lang='lat'><strong>.</strong></span> <span class='ocrx_word' id='word_1_64' title='bbox 1011 624 1020 633; x_wconf 92' lang='lat'><strong>.</strong></span> <span class='ocrx_word' id='word_1_65' title='bbox 1035 624 1045 633; x_wconf 87' lang='lat'><strong>.</strong></span> <span class='ocrx_word' id='word_1_66' title='bbox 1060 625 1071 634; x_wconf 93' lang='lat'><strong>.</strong></span> <span class='ocrx_word' id='word_1_67' title='bbox 1099 596 1236 633; x_wconf 87' lang='lat' dir='ltr'><strong>Potest</strong></span> <span class='ocrx_word' id='word_1_68' title='bbox 1257 597 1387 644; x_wconf 86' lang='lat' dir='ltr'><strong>igitur,</strong></span> <span class='ocrx_word' id='word_1_69' title='bbox 1410 597 1566 641; x_wconf 87' lang='lat' dir='ltr'><strong>iudices,</strong></span> 
     </span>
     <span class='ocr_line' id='line_1_9' title="bbox 155 653 1568 701; baseline 0 -11"><span class='ocrx_word' id='word_1_70' title='bbox 155 653 200 690; x_wconf 91' lang='lat' dir='ltr'><strong>L.</strong></span> <span class='ocrx_word' id='word_1_71' title='bbox 219 653 423 691; x_wconf 35' lang='lat' dir='ltr'><strong>Cornelius&gt;</strong></span> <span class='ocrx_word' id='word_1_72' title='bbox 441 653 700 697; x_wconf 85' lang='lat' dir='ltr'><strong>condemnari,</strong></span> <span class='ocrx_word' id='word_1_73' title='bbox 724 657 772 690; x_wconf 91' lang='lat' dir='ltr'><strong>ut</strong></span> <span class='ocrx_word' id='word_1_74' title='bbox 793 656 874 691; x_wconf 86' lang='lat' dir='ltr'><strong>non</strong></span> <span class='ocrx_word' id='word_1_75' title='bbox 893 653 935 691; x_wconf 85' lang='lat' dir='ltr'><strong>O.</strong></span> <span class='ocrx_word' id='word_1_76' title='bbox 955 653 1053 690; x_wconf 72' lang='lat' dir='ltr'><strong>Mari</strong></span> <span class='ocrx_word' id='word_1_77' title='bbox 1077 653 1227 691; x_wconf 73' lang='lat' dir='ltr'><strong>factum</strong></span> <span class='ocrx_word' id='word_1_78' title='bbox 1250 654 1527 691; x_wconf 77' lang='lat' dir='ltr'><strong>condemnetur</strong></span> <span class='ocrx_word' id='word_1_79' title='bbox 1539 656 1568 701; x_wconf 70' lang='grc' dir='ltr'><strong>ἓ)</strong></span> 
     </span>
     <span class='ocr_line' id='line_1_10' title="bbox 151 710 1567 759; baseline 0.001 -12"><span class='ocrx_word' id='word_1_80' title='bbox 151 710 371 747; x_wconf 79' lang='lat' dir='ltr'><strong>confirmari</strong></span> <span class='ocrx_word' id='word_1_81' title='bbox 391 710 486 747; x_wconf 78' lang='lat' dir='ltr'><strong>mihi</strong></span> <span class='ocrx_word' id='word_1_82' title='bbox 507 710 663 747; x_wconf 77' lang='lat' dir='ltr'><strong>videtur</strong></span> <span class='ocrx_word' id='word_1_83' title='bbox 682 710 848 747; x_wconf 86' lang='lat' dir='ltr'><strong>Marium</strong></span> <span class='ocrx_word' id='word_1_84' title='bbox 868 711 1055 748; x_wconf 88' lang='lat' dir='ltr'><strong>eiusmodi</strong></span> <span class='ocrx_word' id='word_1_85' title='bbox 1076 722 1122 748; x_wconf 86' lang='lat' dir='ltr'><strong>ac</strong></span> <span class='ocrx_word' id='word_1_86' title='bbox 1143 711 1370 759; x_wconf 87' lang='lat' dir='ltr'><strong>Pompeium</strong></span> <span class='ocrx_word' id='word_1_87' title='bbox 1390 711 1567 748; x_wconf 77' lang='lat' dir='ltr'><strong>consulto</strong></span> 
     </span>
     <span class='ocr_line' id='line_1_11' title="bbox 149 767 1566 812; baseline 0.001 -8"><span class='ocrx_word' id='word_1_88' title='bbox 149 779 264 804; x_wconf 78' lang='lat' dir='ltr'><strong>usum</strong></span> <span class='ocrx_word' id='word_1_89' title='bbox 290 767 492 804; x_wconf 77' lang='lat' dir='ltr'><strong>civitatem</strong></span> <span class='ocrx_word' id='word_1_90' title='bbox 515 768 696 812; x_wconf 84' lang='lat' dir='ltr'><strong>donasse;</strong></span> <span class='ocrx_word' id='word_1_91' title='bbox 735 780 828 805; x_wconf 84' lang='lat' dir='ltr'><strong>nam</strong></span> <span class='ocrx_word' id='word_1_92' title='bbox 853 768 966 805; x_wconf 86' lang='lat' dir='ltr'><strong>aliter</strong></span> <span class='ocrx_word' id='word_1_93' title='bbox 990 769 1023 804; x_wconf 88' lang='lat' dir='ltr'><strong>si</strong></span> <span class='ocrx_word' id='word_1_94' title='bbox 1044 780 1108 805; x_wconf 85' lang='lat' dir='ltr'><strong>res</strong></span> <span class='ocrx_word' id='word_1_95' title='bbox 1133 780 1174 805; x_wconf 86' lang='lat' dir='ltr'><strong>se</strong></span> <span class='ocrx_word' id='word_1_96' title='bbox 1199 769 1410 812; x_wconf 72' lang='lat' dir='ltr'><strong>habuisset,</strong></span> <span class='ocrx_word' id='word_1_97' title='bbox 1435 769 1566 806; x_wconf 82' lang='lat' dir='ltr'><strong>Cicero</strong></span> 
     </span>
     <span class='ocr_line' id='line_1_12' title="bbox 150 825 1566 874; baseline 0.001 -13"><span class='ocrx_word' id='word_1_98' title='bbox 150 836 240 862; x_wconf 87' lang='lat' dir='ltr'><strong>eum</strong></span> <span class='ocrx_word' id='word_1_99' title='bbox 257 826 259 828; x_wconf 82' lang='grc'><strong>’</strong></span> <span class='ocrx_word' id='word_1_100' title='bbox 275 836 355 862; x_wconf 91' lang='lat' dir='ltr'><strong>non</strong></span> <span class='ocrx_word' id='word_1_101' title='bbox 391 828 589 862; x_wconf 75' lang='lat' dir='ltr'><strong>auctorem</strong></span> <span class='ocrx_word' id='word_1_102' title='bbox 626 825 721 863; x_wconf 81' lang='lat' dir='ltr'><strong>facti</strong></span> <span class='ocrx_word' id='word_1_103' title='bbox 757 826 982 874; x_wconf 85' lang='lat' dir='ltr'><strong>Pompeiani</strong></span> <span class='ocrx_word' id='word_1_104' title='bbox 1018 825 1249 874; x_wconf 77' lang='lat' dir='ltr'><strong>appellasset</strong></span> <span class='ocrx_word' id='word_1_105' title='bbox 1285 837 1372 862; x_wconf 85' lang='lat' dir='ltr'><strong>mea</strong></span> <span class='ocrx_word' id='word_1_106' title='bbox 1409 826 1566 873; x_wconf 86' lang='lat' dir='ltr'><strong>quidem</strong></span> 
     </span>
     <span class='ocr_line' id='line_1_13' title="bbox 149 883 1565 931; baseline 0 -12"><span class='ocrx_word' id='word_1_107' title='bbox 149 883 354 920; x_wconf 66' lang='lat' dir='ltr'><strong>sententia.</strong></span> <span class='ocrx_word' id='word_1_108' title='bbox 408 883 519 927; x_wconf 76' lang='lat' dir='ltr'><strong>Quae</strong></span> <span class='ocrx_word' id='word_1_109' title='bbox 549 895 638 920; x_wconf 87' lang='lat' dir='ltr'><strong>cum</strong></span> <span class='ocrx_word' id='word_1_110' title='bbox 666 883 724 919; x_wconf 82' lang='lat' dir='ltr'><strong>ita</strong></span> <span class='ocrx_word' id='word_1_111' title='bbox 753 884 844 926; x_wconf 88' lang='lat' dir='ltr'><strong>sint,</strong></span> <span class='ocrx_word' id='word_1_112' title='bbox 874 884 996 931; x_wconf 87' lang='lat' dir='ltr'><strong>magis</strong></span> <span class='ocrx_word' id='word_1_113' title='bbox 1025 896 1114 920; x_wconf 88' lang='lat' dir='ltr'><strong>cum</strong></span> <span class='ocrx_word' id='word_1_114' title='bbox 1142 883 1382 920; x_wconf 87' lang='lat' dir='ltr'><strong>Mommseno</strong></span> <span class='ocrx_word' id='word_1_115' title='bbox 1410 884 1565 926; x_wconf 76' lang='lat' dir='ltr'><strong>faciam,</strong></span> 
     </span>
     <span class='ocr_line' id='line_1_14' title="bbox 150 939 1566 988; baseline 0.001 -13"><span class='ocrx_word' id='word_1_116' title='bbox 150 939 217 987; x_wconf 91' lang='lat' dir='ltr'><strong>qui</strong></span> <span class='ocrx_word' id='word_1_117' title='bbox 249 940 344 976; x_wconf 79' lang='lat' dir='ltr'><strong>haec</strong></span> <span class='ocrx_word' id='word_1_118' title='bbox 376 940 529 988; x_wconf 83' lang='lat' dir='ltr'><strong>scripsit</strong></span> <span class='ocrx_word' id='word_1_119' title='bbox 564 941 627 987; x_wconf 85' lang='lat' dir='ltr'><strong>(R.</strong></span> <span class='ocrx_word' id='word_1_120' title='bbox 647 940 705 978; x_wconf 87' lang='lat' dir='ltr'><strong>St.</strong></span> <span class='ocrx_word' id='word_1_121' title='bbox 722 941 772 977; x_wconf 85' lang='lat' dir='ltr'><strong>R.</strong></span> <span class='ocrx_word' id='word_1_122' title='bbox 792 940 886 984; x_wconf 80' lang='lat'>1111,</span> <span class='ocrx_word' id='word_1_123' title='bbox 924 943 1005 984; x_wconf 85' lang='lat'><strong>135,</strong></span> <span class='ocrx_word' id='word_1_124' title='bbox 1039 941 1130 977; x_wconf 88' lang='lat' dir='ltr'><strong>adn.</strong></span> <span class='ocrx_word' id='word_1_125' title='bbox 1165 943 1220 987; x_wconf 85' lang='lat'><strong>5):</strong></span> <span class='ocrx_word' id='word_1_126' title='bbox 1270 939 1566 984; x_wconf 83' lang='lat' dir='ltr'><strong>„Mariusmuss</strong></span> 
     </span>
     <span class='ocr_line' id='line_1_15' title="bbox 148 997 1568 1045; baseline 0 -13"><span class='ocrx_word' id='word_1_127' title='bbox 148 998 203 1033; x_wconf 87' lang='lat' dir='ltr'><strong>sie</strong></span> <span class='ocrx_word' id='word_1_128' title='bbox 231 1009 302 1034; x_wconf 85' lang='lat' dir='ltr'><strong>vor</strong></span> <span class='ocrx_word' id='word_1_129' title='bbox 330 998 422 1035; x_wconf 88' lang='lat' dir='ltr'><strong>oder</strong></span> <span class='ocrx_word' id='word_1_130' title='bbox 449 998 632 1034; x_wconf 55' lang='lat' dir='ltr'><strong>wahrend</strong></span> <span class='ocrx_word' id='word_1_131' title='bbox 659 998 727 1034; x_wconf 90' lang='lat' dir='ltr'><strong>des</strong></span> <span class='ocrx_word' id='word_1_132' title='bbox 755 998 915 1045; x_wconf 83' lang='lat' dir='ltr'><strong>Krieges</strong></span> <span class='ocrx_word' id='word_1_133' title='bbox 942 998 1112 1044; x_wconf 86' lang='lat' dir='ltr'><strong>gegeben</strong></span> <span class='ocrx_word' id='word_1_134' title='bbox 1139 998 1294 1033; x_wconf 81' lang='lat' dir='ltr'><strong>worden</strong></span> <span class='ocrx_word' id='word_1_135' title='bbox 1323 998 1416 1040; x_wconf 89' lang='lat' dir='ltr'><strong>sein,</strong></span> <span class='ocrx_word' id='word_1_136' title='bbox 1446 997 1498 1032; x_wconf 89' lang='lat' dir='ltr'><strong>da</strong></span> <span class='ocrx_word' id='word_1_137' title='bbox 1526 1008 1568 1032; x_wconf 86' lang='lat' dir='ltr'><strong>er</strong></span> 
     </span>
     <span class='ocr_line' id='line_1_16' title="bbox 148 1054 1006 1102; baseline 0.001 -12"><span class='ocrx_word' id='word_1_138' title='bbox 148 1054 189 1091; x_wconf 90' lang='lat' dir='ltr'><strong>in</strong></span> <span class='ocrx_word' id='word_1_139' title='bbox 214 1054 403 1102; x_wconf 71' lang='lat' dir='ltr'><strong>ipsa&#39;aoie</strong></span> <span class='ocrx_word' id='word_1_140' title='bbox 425 1055 557 1092; x_wconf 83' lang='lat' dir='ltr'><strong>daven</strong></span> <span class='ocrx_word' id='word_1_141' title='bbox 584 1055 788 1093; x_wconf 82' lang='lat' dir='ltr'><strong>Gebrauch</strong></span> <span class='ocrx_word' id='word_1_142' title='bbox 810 1054 1006 1091; x_wconf 87' lang='lat' dir='ltr'><strong>machte.“</strong></span> 
     </span>
    </p>

    <p class='ocr_par' dir='ltr' id='par_1_3' title="bbox 146 1110 1569 1321">
     <span class='ocr_line' id='line_1_17' title="bbox 246 1110 1569 1157; baseline -0.002 -8"><span class='ocrx_word' id='word_1_143' title='bbox 246 1112 332 1149; x_wconf 81' lang='lat' dir='ltr'><strong>Sod-</strong></span> <span class='ocrx_word' id='word_1_144' title='bbox 347 1112 548 1148; x_wconf 80' lang='lat' dir='ltr'><strong>redeamus</strong></span> <span class='ocrx_word' id='word_1_145' title='bbox 573 1112 626 1147; x_wconf 88' lang='lat' dir='ltr'><strong>ad</strong></span> <span class='ocrx_word' id='word_1_146' title='bbox 649 1112 705 1155; x_wconf 83' lang='lat' dir='ltr'><strong>id,</strong></span> <span class='ocrx_word' id='word_1_147' title='bbox 740 1112 844 1147; x_wconf 88' lang='lat' dir='ltr'><strong>unde</strong></span> <span class='ocrx_word' id='word_1_148' title='bbox 868 1111 1112 1147; x_wconf 69' lang='lat' dir='ltr'><strong>exeeoeimus.</strong></span> <span class='ocrx_word' id='word_1_149' title='bbox 1163 1110 1353 1153; x_wconf 89' lang='lat' dir='ltr'><strong>Vidimus,</strong></span> <span class='ocrx_word' id='word_1_150' title='bbox 1386 1111 1569 1157; x_wconf 70' lang='lat' dir='ltr'><strong>quemad-</strong></span> 
     </span>
     <span class='ocr_line' id='line_1_18' title="bbox 147 1167 1569 1216; baseline -0.001 -11"><span class='ocrx_word' id='word_1_151' title='bbox 147 1168 307 1206; x_wconf 88' lang='lat' dir='ltr'><strong>modum</strong></span> <span class='ocrx_word' id='word_1_152' title='bbox 338 1169 477 1206; x_wconf 83' lang='lat' dir='ltr'><strong>oivitas</strong></span> <span class='ocrx_word' id='word_1_153' title='bbox 506 1169 603 1205; x_wconf 80' lang='lat' dir='ltr'><strong>data</strong></span> <span class='ocrx_word' id='word_1_154' title='bbox 634 1168 686 1205; x_wconf 88' lang='lat' dir='ltr'><strong>sit</strong></span> <span class='ocrx_word' id='word_1_155' title='bbox 715 1168 771 1204; x_wconf 89' lang='lat' dir='ltr'><strong>rei</strong></span> <span class='ocrx_word' id='word_1_156' title='bbox 801 1167 979 1215; x_wconf 79' lang='lat' dir='ltr'><strong>publicae</strong></span> <span class='ocrx_word' id='word_1_157' title='bbox 1009 1167 1249 1216; x_wconf 87' lang='lat' dir='ltr'><strong>temporibus</strong></span> <span class='ocrx_word' id='word_1_158' title='bbox 1280 1171 1350 1204; x_wconf 83' lang='lat' dir='ltr'><strong>aut</strong></span> <span class='ocrx_word' id='word_1_159' title='bbox 1380 1168 1569 1205; x_wconf 83' lang='lat' dir='ltr'><strong>universis</strong></span> 
     </span>
     <span class='ocr_line' id='line_1_19' title="bbox 146 1225 1567 1273; baseline -0.001 -11"><span class='ocrx_word' id='word_1_160' title='bbox 146 1225 300 1273; x_wconf 86' lang='lat' dir='ltr'><strong>populis</strong></span> <span class='ocrx_word' id='word_1_161' title='bbox 328 1229 399 1262; x_wconf 82' lang='lat' dir='ltr'><strong>aut</strong></span> <span class='ocrx_word' id='word_1_162' title='bbox 425 1226 586 1273; x_wconf 81' lang='lat' dir='ltr'><strong>singulis</strong></span> <span class='ocrx_word' id='word_1_163' title='bbox 608 1226 830 1262; x_wconf 81' lang='lat' dir='ltr'><strong>hominibus</strong></span> <span class='ocrx_word' id='word_1_164' title='bbox 852 1229 894 1262; x_wconf 89' lang='lat' dir='ltr'><strong>et</strong></span> <span class='ocrx_word' id='word_1_165' title='bbox 918 1229 1156 1272; x_wconf 81' lang='lat' dir='ltr'><strong>quantopere</strong></span> <span class='ocrx_word' id='word_1_166' title='bbox 1179 1237 1226 1261; x_wconf 86' lang='lat' dir='ltr'><strong>ea</strong></span> <span class='ocrx_word' id='word_1_167' title='bbox 1249 1226 1289 1261; x_wconf 85' lang='lat' dir='ltr'><strong>in</strong></span> <span class='ocrx_word' id='word_1_168' title='bbox 1313 1237 1353 1261; x_wconf 89' lang='lat' dir='ltr'><strong>re</strong></span> <span class='ocrx_word' id='word_1_169' title='bbox 1377 1225 1567 1272; x_wconf 84' lang='lat' dir='ltr'><strong>paulatim</strong></span> 
     </span>
     <span class='ocr_line' id='line_1_20' title="bbox 148 1282 433 1321; baseline 0 -2"><span class='ocrx_word' id='word_1_170' title='bbox 148 1282 199 1319; x_wconf 89' lang='lat' dir='ltr'><strong>sit</strong></span> <span class='ocrx_word' id='word_1_171' title='bbox 223 1283 433 1321; x_wconf 82' lang='lat' dir='ltr'><strong>variatum.</strong></span> 
     </span>
    </p>

    <p class='ocr_par' dir='ltr' id='par_1_4' title="bbox 140 1340 1566 2074">
     <span class='ocr_line' id='line_1_21' title="bbox 243 1340 1566 1387; baseline -0.002 -9"><span class='ocrx_word' id='word_1_172' title='bbox 243 1341 358 1378; x_wconf 84' lang='lat' dir='ltr'><strong>Nune</strong></span> <span class='ocrx_word' id='word_1_173' title='bbox 379 1352 622 1387; x_wconf 77' lang='lat' dir='ltr'><strong>quaeramus,</strong></span> <span class='ocrx_word' id='word_1_174' title='bbox 645 1341 838 1387; x_wconf 85' lang='lat' dir='ltr'><strong>quomodo</strong></span> <span class='ocrx_word' id='word_1_175' title='bbox 859 1352 919 1376; x_wconf 86' lang='lat' dir='ltr'><strong>res</strong></span> <span class='ocrx_word' id='word_1_176' title='bbox 935 1352 976 1376; x_wconf 89' lang='lat' dir='ltr'><strong>se</strong></span> <span class='ocrx_word' id='word_1_177' title='bbox 996 1340 1176 1376; x_wconf 85' lang='lat' dir='ltr'><strong>habuerit</strong></span> <span class='ocrx_word' id='word_1_178' title='bbox 1197 1344 1296 1383; x_wconf 89' lang='lat' dir='ltr'><strong>tum,</strong></span> <span class='ocrx_word' id='word_1_179' title='bbox 1319 1352 1408 1376; x_wconf 86' lang='lat' dir='ltr'><strong>cum</strong></span> <span class='ocrx_word' id='word_1_180' title='bbox 1426 1340 1566 1387; x_wconf 89' lang='lat' dir='ltr'><strong>aliquis</strong></span> 
     </span>
     <span class='ocr_line' id='line_1_22' title="bbox 146 1397 1566 1446; baseline 0 -11"><span class='ocrx_word' id='word_1_181' title='bbox 146 1398 242 1436; x_wconf 82' lang='lat' dir='ltr'><strong>civis</strong></span> <span class='ocrx_word' id='word_1_182' title='bbox 274 1398 476 1436; x_wconf 80' lang='lat' dir='ltr'><strong>Romanus</strong></span> <span class='ocrx_word' id='word_1_183' title='bbox 508 1398 549 1439; x_wconf 86' lang='lat' dir='ltr'><strong>in</strong></span> <span class='ocrx_word' id='word_1_184' title='bbox 582 1397 931 1435; x_wconf 79' lang='lat' dir='ltr'><strong>aliamcivitatem</strong></span> <span class='ocrx_word' id='word_1_185' title='bbox 964 1397 1178 1445; x_wconf 83' lang='lat' dir='ltr'><strong>transgredi</strong></span> <span class='ocrx_word' id='word_1_186' title='bbox 1210 1397 1275 1434; x_wconf 84' lang='lat' dir='ltr'><strong>vel</strong></span> <span class='ocrx_word' id='word_1_187' title='bbox 1306 1400 1566 1446; x_wconf 81' lang='lat' dir='ltr'><strong>transgressus</strong></span> 
     </span>
     <span class='ocr_line' id='line_1_23' title="bbox 145 1455 1566 1502; baseline -0.001 -10"><span class='ocrx_word' id='word_1_188' title='bbox 145 1456 186 1492; x_wconf 94' lang='lat' dir='ltr'><strong>in</strong></span> <span class='ocrx_word' id='word_1_189' title='bbox 199 1456 418 1493; x_wconf 81' lang='lat' dir='ltr'><strong>Romanam</strong></span> <span class='ocrx_word' id='word_1_190' title='bbox 430 1456 571 1492; x_wconf 82' lang='lat' dir='ltr'><strong>reverti</strong></span> <span class='ocrx_word' id='word_1_191' title='bbox 583 1457 624 1492; x_wconf 89' lang='lat' dir='ltr'><strong>in</strong></span> <span class='ocrx_word' id='word_1_192' title='bbox 636 1456 765 1492; x_wconf 85' lang='lat' dir='ltr'><strong>animo</strong></span> <span class='ocrx_word' id='word_1_193' title='bbox 777 1456 960 1499; x_wconf 85' lang='lat' dir='ltr'><strong>habebat,</strong></span> <span class='ocrx_word' id='word_1_194' title='bbox 974 1466 1075 1502; x_wconf 86' lang='lat' dir='ltr'><strong>quae</strong></span> <span class='ocrx_word' id='word_1_195' title='bbox 1087 1455 1263 1501; x_wconf 80' lang='lat' dir='ltr'><strong>quaestio</strong></span> <span class='ocrx_word' id='word_1_196' title='bbox 1271 1455 1316 1497; x_wconf 18' lang='lat' dir='ltr'><strong>*in</strong></span> <span class='ocrx_word' id='word_1_197' title='bbox 1327 1455 1566 1502; x_wconf 80' lang='lat' dir='ltr'><strong>disputanda</strong></span> 
     </span>
     <span class='ocr_line' id='line_1_24' title="bbox 145 1511 1564 1559; baseline 0 -11"><span class='ocrx_word' id='word_1_198' title='bbox 145 1523 263 1549; x_wconf 83' lang='lat' dir='ltr'><strong>oausa</strong></span> <span class='ocrx_word' id='word_1_199' title='bbox 282 1512 396 1550; x_wconf 80' lang='lat' dir='ltr'><strong>Balbi</strong></span> <span class='ocrx_word' id='word_1_200' title='bbox 416 1524 496 1549; x_wconf 89' lang='lat' dir='ltr'><strong>non</strong></span> <span class='ocrx_word' id='word_1_201' title='bbox 516 1515 576 1548; x_wconf 86' lang='lat' dir='ltr'><strong>est</strong></span> <span class='ocrx_word' id='word_1_202' title='bbox 597 1512 826 1556; x_wconf 79' lang='lat' dir='ltr'><strong>omittenda,</strong></span> <span class='ocrx_word' id='word_1_203' title='bbox 847 1515 894 1549; x_wconf 88' lang='lat' dir='ltr'><strong>ut</strong></span> <span class='ocrx_word' id='word_1_204' title='bbox 914 1512 1128 1556; x_wconf 79' lang='lat' dir='ltr'><strong>videamus,</strong></span> <span class='ocrx_word' id='word_1_205' title='bbox 1150 1523 1250 1559; x_wconf 86' lang='lat' dir='ltr'><strong>quae</strong></span> <span class='ocrx_word' id='word_1_206' title='bbox 1270 1511 1358 1548; x_wconf 71' lang='lat' dir='ltr'><strong>viae</strong></span> <span class='ocrx_word' id='word_1_207' title='bbox 1378 1512 1564 1549; x_wconf 83' lang='lat' dir='ltr'><strong>redeundi</strong></span> 
     </span>
     <span class='ocr_line' id='line_1_25' title="bbox 145 1569 1564 1621; baseline -0.001 -15"><span class='ocrx_word' id='word_1_208' title='bbox 145 1570 180 1606; x_wconf 90' lang='lat' dir='ltr'><strong>ei</strong></span> <span class='ocrx_word' id='word_1_209' title='bbox 205 1581 275 1617; x_wconf 89' lang='lat' dir='ltr'><strong>per</strong></span> <span class='ocrx_word' id='word_1_210' title='bbox 300 1581 347 1606; x_wconf 51' lang='lat' dir='ltr'><strong>se,</strong></span> <span class='ocrx_word' id='word_1_211' title='bbox 366 1570 576 1621; x_wconf 84' lang='lat' dir='ltr'><strong>patuerint.</strong></span> <span class='ocrx_word' id='word_1_212' title='bbox 628 1569 889 1606; x_wconf 88' lang='lat' dir='ltr'><strong>Mommsenus</strong></span> <span class='ocrx_word' id='word_1_213' title='bbox 915 1570 1072 1616; x_wconf 89' lang='lat' dir='ltr'><strong>quidem</strong></span> <span class='ocrx_word' id='word_1_214' title='bbox 1100 1570 1164 1615; x_wconf 83' lang='lat' dir='ltr'><strong>(R.</strong></span> <span class='ocrx_word' id='word_1_215' title='bbox 1193 1570 1251 1606; x_wconf 86' lang='lat' dir='ltr'><strong>St.</strong></span> <span class='ocrx_word' id='word_1_216' title='bbox 1277 1569 1327 1605; x_wconf 88' lang='lat' dir='ltr'><strong>R.</strong></span> <span class='ocrx_word' id='word_1_217' title='bbox 1350 1569 1444 1613; x_wconf 84' lang='lat'>111¹,</span> <span class='ocrx_word' id='word_1_218' title='bbox 1479 1572 1564 1615; x_wconf 84' lang='lat'>699)</span> 
     </span>
     <span class='ocr_line' id='line_1_26' title="bbox 144 1626 1564 1674; baseline -0.001 -11"><span class='ocrx_word' id='word_1_219' title='bbox 144 1626 258 1664; x_wconf 84' lang='lat' dir='ltr'><strong>docet</strong></span> <span class='ocrx_word' id='word_1_220' title='bbox 287 1626 500 1664; x_wconf 82' lang='lat' dir='ltr'><strong>sententias</strong></span> <span class='ocrx_word' id='word_1_221' title='bbox 530 1626 580 1662; x_wconf 89' lang='lat' dir='ltr'><strong>de</strong></span> <span class='ocrx_word' id='word_1_222' title='bbox 612 1627 685 1664; x_wconf 84' lang='lat' dir='ltr'><strong>hac</strong></span> <span class='ocrx_word' id='word_1_223' title='bbox 711 1638 753 1663; x_wconf 89' lang='lat' dir='ltr'><strong>re</strong></span> <span class='ocrx_word' id='word_1_224' title='bbox 775 1626 966 1674; x_wconf 80' lang='lat' dir='ltr'><strong>paulatim</strong></span> <span class='ocrx_word' id='word_1_225' title='bbox 989 1637 1072 1663; x_wconf 82' lang='lat' dir='ltr'><strong>esse</strong></span> <span class='ocrx_word' id='word_1_226' title='bbox 1094 1626 1285 1670; x_wconf 84' lang='lat' dir='ltr'><strong>variatas3</strong></span> <span class='ocrx_word' id='word_1_227' title='bbox 1324 1626 1392 1662; x_wconf 89' lang='lat' dir='ltr'><strong>sed</strong></span> <span class='ocrx_word' id='word_1_228' title='bbox 1415 1626 1470 1663; x_wconf 89' lang='lat' dir='ltr'><strong>rei</strong></span> <span class='ocrx_word' id='word_1_229' title='bbox 1494 1638 1564 1674; x_wconf 92' lang='lat' dir='ltr'><strong>pu-</strong></span> 
     </span>
     <span class='ocr_line' id='line_1_27' title="bbox 143 1684 1565 1732; baseline 0 -11"><span class='ocrx_word' id='word_1_230' title='bbox 143 1684 535 1732; x_wconf 79' lang='lat' dir='ltr'><strong>blicaetemporibus</strong></span> <span class='ocrx_word' id='word_1_231' title='bbox 565 1684 742 1722; x_wconf 84' lang='lat' dir='ltr'><strong>videmus</strong></span> <span class='ocrx_word' id='word_1_232' title='bbox 772 1685 845 1721; x_wconf 87' lang='lat' dir='ltr'><strong>hoo</strong></span> <span class='ocrx_word' id='word_1_233' title='bbox 876 1684 955 1722; x_wconf 82' lang='lat' dir='ltr'><strong>fere</strong></span> <span class='ocrx_word' id='word_1_234' title='bbox 979 1684 1020 1721; x_wconf 88' lang='lat' dir='ltr'><strong>in</strong></span> <span class='ocrx_word' id='word_1_235' title='bbox 1043 1695 1119 1721; x_wconf 85' lang='lat' dir='ltr'><strong>usu</strong></span> <span class='ocrx_word' id='word_1_236' title='bbox 1141 1684 1272 1727; x_wconf 82' lang='lat' dir='ltr'><strong>fuisse,</strong></span> <span class='ocrx_word' id='word_1_237' title='bbox 1306 1684 1411 1731; x_wconf 91' lang='lat' dir='ltr'><strong>quod</strong></span> <span class='ocrx_word' id='word_1_238' title='bbox 1435 1684 1565 1722; x_wconf 82' lang='lat' dir='ltr'><strong>Cicero</strong></span> 
     </span>
     <span class='ocr_line' id='line_1_28' title="bbox 143 1741 1566 1790; baseline 0 -12"><span class='ocrx_word' id='word_1_239' title='bbox 143 1741 245 1779; x_wconf 84' lang='lat' dir='ltr'><strong>dixit</strong></span> <span class='ocrx_word' id='word_1_240' title='bbox 273 1741 331 1780; x_wconf 83' lang='lat' dir='ltr'><strong>ita</strong></span> <span class='ocrx_word' id='word_1_241' title='bbox 361 1743 446 1790; x_wconf 87' lang='lat' dir='ltr'><strong>(pro</strong></span> <span class='ocrx_word' id='word_1_242' title='bbox 467 1741 515 1778; x_wconf 91' lang='lat' dir='ltr'><strong>B.</strong></span> <span class='ocrx_word' id='word_1_243' title='bbox 538 1741 613 1786; x_wconf 91' lang='lat' dir='ltr'><strong>XI,</strong></span> <span class='ocrx_word' id='word_1_244' title='bbox 637 1744 715 1789; x_wconf 84' lang='lat'>28):</span> <span class='ocrx_word' id='word_1_245' title='bbox 760 1742 937 1779; x_wconf 86' lang='lat' dir='ltr'><strong>Duarum</strong></span> <span class='ocrx_word' id='word_1_246' title='bbox 966 1741 1174 1779; x_wconf 81' lang='lat' dir='ltr'><strong>civitatum</strong></span> <span class='ocrx_word' id='word_1_247' title='bbox 1205 1741 1300 1779; x_wconf 84' lang='lat' dir='ltr'><strong>civis</strong></span> <span class='ocrx_word' id='word_1_248' title='bbox 1329 1745 1461 1778; x_wconf 84' lang='lat' dir='ltr'><strong>noster</strong></span> <span class='ocrx_word' id='word_1_249' title='bbox 1484 1753 1566 1779; x_wconf 88' lang='lat' dir='ltr'><strong>esse</strong></span> 
     </span>
     <span class='ocr_line' id='line_1_29' title="bbox 144 1799 1565 1847; baseline 0.001 -12"><span class='ocrx_word' id='word_1_250' title='bbox 144 1800 225 1836; x_wconf 88' lang='lat' dir='ltr'><strong>iure</strong></span> <span class='ocrx_word' id='word_1_251' title='bbox 255 1799 359 1836; x_wconf 85' lang='lat' dir='ltr'><strong>civili</strong></span> <span class='ocrx_word' id='word_1_252' title='bbox 389 1811 504 1837; x_wconf 86' lang='lat' dir='ltr'><strong>nemo</strong></span> <span class='ocrx_word' id='word_1_253' title='bbox 526 1800 699 1847; x_wconf 79' lang='lat' dir='ltr'><strong>potestl).</strong></span> <span class='ocrx_word' id='word_1_254' title='bbox 746 1800 895 1837; x_wconf 86' lang='lat' dir='ltr'><strong>Iterum</strong></span> <span class='ocrx_word' id='word_1_255' title='bbox 918 1799 1015 1843; x_wconf 90' lang='lat' dir='ltr'><strong>XII,</strong></span> <span class='ocrx_word' id='word_1_256' title='bbox 1040 1802 1106 1836; x_wconf 80' lang='lat'><strong>29:</strong></span> <span class='ocrx_word' id='word_1_257' title='bbox 1146 1799 1215 1836; x_wconf 85' lang='lat' dir='ltr'><strong>sed</strong></span> <span class='ocrx_word' id='word_1_258' title='bbox 1236 1811 1308 1836; x_wconf 87' lang='lat' dir='ltr'><strong>nos</strong></span> <span class='ocrx_word' id='word_1_259' title='bbox 1330 1811 1410 1837; x_wconf 91' lang='lat' dir='ltr'><strong>non</strong></span> <span class='ocrx_word' id='word_1_260' title='bbox 1432 1811 1565 1846; x_wconf 89' lang='lat' dir='ltr'><strong>possu-</strong></span> 
     </span>
     <span class='ocr_line' id='line_1_30' title="bbox 143 1856 1563 1903; baseline 0.001 -11"><span class='ocrx_word' id='word_1_261' title='bbox 143 1868 230 1894; x_wconf 87' lang='lat' dir='ltr'><strong>mus</strong></span> <span class='ocrx_word' id='word_1_262' title='bbox 259 1860 302 1892; x_wconf 86' lang='lat' dir='ltr'><strong>et</strong></span> <span class='ocrx_word' id='word_1_263' title='bbox 329 1856 445 1894; x_wconf 87' lang='lat' dir='ltr'><strong>huius</strong></span> <span class='ocrx_word' id='word_1_264' title='bbox 474 1867 556 1892; x_wconf 88' lang='lat' dir='ltr'><strong>esse</strong></span> <span class='ocrx_word' id='word_1_265' title='bbox 588 1856 760 1893; x_wconf 82' lang='lat' dir='ltr'><strong>civitatis</strong></span> <span class='ocrx_word' id='word_1_266' title='bbox 791 1860 833 1894; x_wconf 87' lang='lat' dir='ltr'><strong>et</strong></span> <span class='ocrx_word' id='word_1_267' title='bbox 862 1857 1031 1893; x_wconf 81' lang='lat' dir='ltr'><strong>cuiusvis</strong></span> <span class='ocrx_word' id='word_1_268' title='bbox 1056 1856 1297 1903; x_wconf 73' lang='lat' dir='ltr'><strong>praeterea-²).</strong></span> <span class='ocrx_word' id='word_1_269' title='bbox 1352 1856 1470 1900; x_wconf 89' lang='lat' dir='ltr'>XIII,</span> <span class='ocrx_word' id='word_1_270' title='bbox 1500 1860 1563 1893; x_wconf 85' lang='lat'><strong>31:</strong></span> 
     </span>
     <span class='ocr_line' id='line_1_31' title="bbox 140 1913 1563 1961; baseline -0.003 -7"><span class='ocrx_word' id='word_1_271' title='bbox 140 1913 178 1954; x_wconf 82' lang='grc' dir='ltr'><strong>,Ο</strong></span> <span class='ocrx_word' id='word_1_272' title='bbox 207 1913 292 1950; x_wconf 78' lang='lat' dir='ltr'><strong>iura</strong></span> <span class='ocrx_word' id='word_1_273' title='bbox 329 1913 526 1961; x_wconf 76' lang='lat' dir='ltr'><strong>praeclara</strong></span> <span class='ocrx_word' id='word_1_274' title='bbox 565 1917 685 1961; x_wconf 84' lang='lat' dir='ltr'><strong>atque</strong></span> <span class='ocrx_word' id='word_1_275' title='bbox 712 1914 902 1951; x_wconf 79' lang='lat' dir='ltr'><strong>divinitus</strong></span> <span class='ocrx_word' id='word_1_276' title='bbox 924 1914 1003 1950; x_wconf 81' lang='lat' dir='ltr'><strong>iam</strong></span> <span class='ocrx_word' id='word_1_277' title='bbox 1025 1913 1114 1950; x_wconf 86' lang='lat' dir='ltr'><strong>inde</strong></span> <span class='ocrx_word' id='word_1_278' title='bbox 1136 1925 1161 1949; x_wconf 82' lang='lat' dir='ltr'><strong>a</strong></span> <span class='ocrx_word' id='word_1_279' title='bbox 1182 1913 1371 1960; x_wconf 85' lang='lat' dir='ltr'><strong>principio</strong></span> <span class='ocrx_word' id='word_1_280' title='bbox 1395 1913 1563 1950; x_wconf 82' lang='lat' dir='ltr'><strong>Romani</strong></span> 
     </span>
     <span class='ocr_line' id='line_1_32' title="bbox 141 1970 1564 2017; baseline -0.001 -11"><span class='ocrx_word' id='word_1_281' title='bbox 141 1971 308 2007; x_wconf 89' lang='lat' dir='ltr'><strong>nominis</strong></span> <span class='ocrx_word' id='word_1_282' title='bbox 338 1983 364 2006; x_wconf 85' lang='lat' dir='ltr'><strong>a</strong></span> <span class='ocrx_word' id='word_1_283' title='bbox 393 1970 603 2007; x_wconf 85' lang='lat' dir='ltr'><strong>maioribus</strong></span> <span class='ocrx_word' id='word_1_284' title='bbox 631 1971 773 2006; x_wconf 87' lang='lat' dir='ltr'><strong>nostris</strong></span> <span class='ocrx_word' id='word_1_285' title='bbox 803 1974 1040 2017; x_wconf 82' lang='lat' dir='ltr'><strong>comparata,</strong></span> <span class='ocrx_word' id='word_1_286' title='bbox 1071 1982 1122 2005; x_wconf 86' lang='lat' dir='ltr'><strong>ne</strong></span> <span class='ocrx_word' id='word_1_287' title='bbox 1153 1970 1238 2016; x_wconf 82' lang='lat' dir='ltr'><strong>quis</strong></span> <span class='ocrx_word' id='word_1_288' title='bbox 1267 1973 1445 2006; x_wconf 86' lang='lat' dir='ltr'><strong>nostrum</strong></span> <span class='ocrx_word' id='word_1_289' title='bbox 1475 1970 1564 2017; x_wconf 88' lang='lat' dir='ltr'><strong>plus</strong></span> 
     </span>
     <span class='ocr_line' id='line_1_33' title="bbox 143 2026 1561 2074; baseline 0 -10"><span class='ocrx_word' id='word_1_290' title='bbox 143 2038 261 2074; x_wconf 85' lang='lat' dir='ltr'><strong>quam</strong></span> <span class='ocrx_word' id='word_1_291' title='bbox 305 2027 420 2064; x_wconf 87' lang='lat' dir='ltr'><strong>unius</strong></span> <span class='ocrx_word' id='word_1_292' title='bbox 464 2027 635 2064; x_wconf 86' lang='lat' dir='ltr'><strong>civitatis</strong></span> <span class='ocrx_word' id='word_1_293' title='bbox 674 2038 755 2064; x_wconf 86' lang='lat' dir='ltr'><strong>esse</strong></span> <span class='ocrx_word' id='word_1_294' title='bbox 788 2027 922 2074; x_wconf 87' lang='lat' dir='ltr'><strong>possit.</strong></span> <span class='ocrx_word' id='word_1_295' title='bbox 991 2026 1066 2062; x_wconf 87' lang='lat' dir='ltr'><strong>Pro</strong></span> <span class='ocrx_word' id='word_1_296' title='bbox 1099 2026 1223 2064; x_wconf 52' lang='lat' dir='ltr'><strong>eaeo.</strong></span> <span class='ocrx_word' id='word_1_297' title='bbox 1244 2026 1436 2071; x_wconf 90' lang='lat' dir='ltr'>XXXIV,</span> <span class='ocrx_word' id='word_1_298' title='bbox 1475 2030 1561 2064; x_wconf 89' lang='lat'>100:</span> 
     </span>
    </p>
   </div>
   <div class='ocr_carea' id='block_1_3' title="bbox 144 2109 372 2116">
    <p class='ocr_par' dir='ltr' id='par_1_5' title="bbox 144 2109 372 2116">
     <span class='ocr_line' id='line_1_34' title="bbox 144 2109 372 2116; baseline 0 0"><span class='ocrx_word' id='word_1_299' title='bbox 144 2109 372 2116; x_wconf 95' lang='lat' dir='ltr'><strong> </strong></span> 
     </span>
    </p>
   </div>
   <div class='ocr_carea' id='block_1_4' title="bbox 140 2157 1563 2523">
    <p class='ocr_par' dir='ltr' id='par_1_6' title="bbox 140 2157 1563 2523">
     <span class='ocr_line' id='line_1_35' title="bbox 174 2157 1563 2196; baseline 0 -7"><span class='ocrx_word' id='word_1_300' title='bbox 174 2164 176 2166; x_wconf 80' lang='grc'>’</span> <span class='ocrx_word' id='word_1_301' title='bbox 253 2159 277 2196; x_wconf 83' lang='lat'><strong>¹)</strong></span> <span class='ocrx_word' id='word_1_302' title='bbox 301 2158 462 2190; x_wconf 83' lang='lat' dir='ltr'><strong>Karlowa</strong></span> <span class='ocrx_word' id='word_1_303' title='bbox 480 2159 524 2189; x_wconf 86' lang='lat' dir='ltr'><strong>R.</strong></span> <span class='ocrx_word' id='word_1_304' title='bbox 540 2159 584 2189; x_wconf 84' lang='lat' dir='ltr'><strong>R..</strong></span> <span class='ocrx_word' id='word_1_305' title='bbox 603 2158 643 2189; x_wconf 80' lang='lat' dir='ltr'><strong>G.</strong></span> <span class='ocrx_word' id='word_1_306' title='bbox 664 2158 694 2193; x_wconf 86' lang='grc' dir='ltr'><strong>Ι,</strong></span> <span class='ocrx_word' id='word_1_307' title='bbox 717 2158 795 2188; x_wconf 81' lang='lat'>295:</span> <span class='ocrx_word' id='word_1_308' title='bbox 830 2158 924 2193; x_wconf 88' lang='lat' dir='ltr'><strong>„Das</strong></span> <span class='ocrx_word' id='word_1_309' title='bbox 946 2157 1110 2188; x_wconf 66' lang='lat' dir='ltr'><strong>romische</strong></span> <span class='ocrx_word' id='word_1_310' title='bbox 1134 2158 1358 2196; x_wconf 80' lang='lat' dir='ltr'><strong>Biirgerreoht</strong></span> <span class='ocrx_word' id='word_1_311' title='bbox 1380 2168 1450 2189; x_wconf 80' lang='lat' dir='ltr'><strong>war</strong></span> <span class='ocrx_word' id='word_1_312' title='bbox 1473 2159 1563 2189; x_wconf 83' lang='lat' dir='ltr'><strong>nach</strong></span> 
     </span>
     <span class='ocr_line' id='line_1_36' title="bbox 142 2205 1559 2245; baseline 0 -8"><span class='ocrx_word' id='word_1_313' title='bbox 142 2206 222 2237; x_wconf 89' lang='lat' dir='ltr'><strong>dem</strong></span> <span class='ocrx_word' id='word_1_314' title='bbox 231 2206 421 2237; x_wconf 77' lang='lat' dir='ltr'><strong>romischen</strong></span> <span class='ocrx_word' id='word_1_315' title='bbox 432 2206 485 2238; x_wconf 85' lang='lat' dir='ltr'><strong>ius</strong></span> <span class='ocrx_word' id='word_1_316' title='bbox 496 2206 595 2237; x_wconf 83' lang='lat' dir='ltr'><strong>civile</strong></span> <span class='ocrx_word' id='word_1_317' title='bbox 605 2206 670 2237; x_wconf 89' lang='lat' dir='ltr'><strong>mit</strong></span> <span class='ocrx_word' id='word_1_318' title='bbox 681 2205 761 2238; x_wconf 89' lang='lat' dir='ltr'><strong>dem</strong></span> <span class='ocrx_word' id='word_1_319' title='bbox 772 2205 863 2236; x_wconf 84' lang='lat' dir='ltr'><strong>eines</strong></span> <span class='ocrx_word' id='word_1_320' title='bbox 874 2205 974 2245; x_wconf 81' lang='lat' dir='ltr'><strong>jeden</strong></span> <span class='ocrx_word' id='word_1_321' title='bbox 985 2205 1134 2236; x_wconf 81' lang='lat' dir='ltr'><strong>anderen</strong></span> <span class='ocrx_word' id='word_1_322' title='bbox 1147 2205 1263 2236; x_wconf 80' lang='lat' dir='ltr'><strong>Staats</strong></span> <span class='ocrx_word' id='word_1_323' title='bbox 1274 2206 1559 2245; x_wconf 66' lang='lat' dir='ltr'><strong>unvertrfiglich“.</strong></span> 
     </span>
     <span class='ocr_line' id='line_1_37' title="bbox 249 2253 1560 2293; baseline -0.002 -8"><span class='ocrx_word' id='word_1_324' title='bbox 249 2254 276 2293; x_wconf 82' lang='lat'><strong>²)</strong></span> <span class='ocrx_word' id='word_1_325' title='bbox 293 2254 483 2286; x_wconf 77' lang='lat' dir='ltr'><strong>Mommsen</strong></span> <span class='ocrx_word' id='word_1_326' title='bbox 501 2255 544 2285; x_wconf 81' lang='lat' dir='ltr'><strong>R.</strong></span> <span class='ocrx_word' id='word_1_327' title='bbox 563 2254 613 2285; x_wconf 82' lang='lat' dir='ltr'><strong>St.</strong></span> <span class='ocrx_word' id='word_1_328' title='bbox 630 2255 673 2285; x_wconf 87' lang='lat' dir='ltr'><strong>R.</strong></span> <span class='ocrx_word' id='word_1_329' title='bbox 697 2253 781 2289; x_wconf 82' lang='lat'>111¹,</span> <span class='ocrx_word' id='word_1_330' title='bbox 805 2255 861 2284; x_wconf 76' lang='lat'><strong>47:</strong></span> <span class='ocrx_word' id='word_1_331' title='bbox 896 2253 1172 2292; x_wconf 77' lang='lat' dir='ltr'><strong>„Gleichzeitiges</strong></span> <span class='ocrx_word' id='word_1_332' title='bbox 1189 2253 1400 2284; x_wconf 72' lang='lat' dir='ltr'><strong>mehrfaches</strong></span> <span class='ocrx_word' id='word_1_333' title='bbox 1418 2254 1560 2293; x_wconf 78' lang='lat' dir='ltr'><strong>Biirger-</strong></span> 
     </span>
     <span class='ocr_line' id='line_1_38' title="bbox 141 2300 1562 2342; baseline 0 -10"><span class='ocrx_word' id='word_1_334' title='bbox 141 2301 238 2332; x_wconf 86' lang='lat' dir='ltr'><strong>recht</strong></span> <span class='ocrx_word' id='word_1_335' title='bbox 257 2302 339 2334; x_wconf 87' lang='lat' dir='ltr'><strong>oder</strong></span> <span class='ocrx_word' id='word_1_336' title='bbox 358 2301 587 2342; x_wconf 83' lang='lat' dir='ltr'><strong>gleichzeitige</strong></span> <span class='ocrx_word' id='word_1_337' title='bbox 608 2301 864 2341; x_wconf 68' lang='lat' dir='ltr'><strong>Zugehssrigkeit</strong></span> <span class='ocrx_word' id='word_1_338' title='bbox 883 2310 927 2332; x_wconf 83' lang='lat' dir='ltr'><strong>zu</strong></span> <span class='ocrx_word' id='word_1_339' title='bbox 946 2301 1120 2332; x_wconf 83' lang='lat' dir='ltr'><strong>mehreren</strong></span> <span class='ocrx_word' id='word_1_340' title='bbox 1142 2300 1348 2332; x_wconf 86' lang='lat' dir='ltr'><strong>Gemeinden</strong></span> <span class='ocrx_word' id='word_1_341' title='bbox 1369 2301 1415 2332; x_wconf 82' lang='lat' dir='ltr'><strong>ist</strong></span> <span class='ocrx_word' id='word_1_342' title='bbox 1435 2301 1562 2341; x_wconf 80' lang='lat' dir='ltr'><strong>logisch</strong></span> 
     </span>
     <span class='ocr_line' id='line_1_39' title="bbox 142 2348 1560 2390; baseline -0.001 -10"><span class='ocrx_word' id='word_1_343' title='bbox 142 2349 204 2380; x_wconf 82' lang='lat' dir='ltr'><strong>wie</strong></span> <span class='ocrx_word' id='word_1_344' title='bbox 228 2350 402 2390; x_wconf 78' lang='lat' dir='ltr'><strong>praktisch</strong></span> <span class='ocrx_word' id='word_1_345' title='bbox 426 2350 619 2390; x_wconf 70' lang='lat' dir='ltr'><strong>unmoglich</strong></span> <span class='ocrx_word' id='word_1_346' title='bbox 650 2372 657 2380; x_wconf 90' lang='lat'><strong>.</strong></span> <span class='ocrx_word' id='word_1_347' title='bbox 671 2372 679 2380; x_wconf 95' lang='lat'><strong>.</strong></span> <span class='ocrx_word' id='word_1_348' title='bbox 693 2371 701 2380; x_wconf 90' lang='lat'><strong>.</strong></span> <span class='ocrx_word' id='word_1_349' title='bbox 714 2349 763 2380; x_wconf 82' lang='lat'><strong>.“.</strong></span> <span class='ocrx_word' id='word_1_350' title='bbox 815 2348 1179 2385; x_wconf 73' lang='lat' dir='ltr'><strong>„Selbstverstiindlich</strong></span> <span class='ocrx_word' id='word_1_351' title='bbox 1203 2348 1313 2379; x_wconf 76' lang='lat' dir='ltr'><strong>findet</strong></span> <span class='ocrx_word' id='word_1_352' title='bbox 1335 2349 1410 2379; x_wconf 87' lang='lat' dir='ltr'><strong>dies</strong></span> <span class='ocrx_word' id='word_1_353' title='bbox 1437 2349 1560 2380; x_wconf 85' lang='lat' dir='ltr'><strong>Gesetz</strong></span> 
     </span>
     <span class='ocr_line' id='line_1_40' title="bbox 140 2395 1556 2437; baseline -0.001 -10"><span class='ocrx_word' id='word_1_354' title='bbox 140 2405 206 2428; x_wconf 84' lang='lat' dir='ltr'><strong>nur</strong></span> <span class='ocrx_word' id='word_1_355' title='bbox 236 2397 457 2437; x_wconf 75' lang='lat' dir='ltr'><strong>Anwmdung</strong></span> <span class='ocrx_word' id='word_1_356' title='bbox 486 2397 542 2428; x_wconf 87' lang='lat' dir='ltr'><strong>bei</strong></span> <span class='ocrx_word' id='word_1_357' title='bbox 562 2397 682 2428; x_wconf 81' lang='lat' dir='ltr'><strong>&#39;einem</strong></span> <span class='ocrx_word' id='word_1_358' title='bbox 710 2396 748 2427; x_wconf 89' lang='lat' dir='ltr'><strong>in</strong></span> <span class='ocrx_word' id='word_1_359' title='bbox 777 2397 868 2427; x_wconf 87' lang='lat' dir='ltr'><strong>Rom</strong></span> <span class='ocrx_word' id='word_1_360' title='bbox 897 2397 1130 2427; x_wconf 79' lang='lat' dir='ltr'><strong>anerkannten</strong></span> <span class='ocrx_word' id='word_1_361' title='bbox 1162 2395 1451 2431; x_wconf 69' lang='lat' dir='ltr'><strong>Gemeindereoht,</strong></span> <span class='ocrx_word' id='word_1_362' title='bbox 1482 2397 1556 2427; x_wconf 88' lang='lat' dir='ltr'><strong>also</strong></span> 
     </span>
     <span class='ocr_line' id='line_1_41' title="bbox 141 2443 1555 2484; baseline 0 -9"><span class='ocrx_word' id='word_1_363' title='bbox 141 2445 329 2484; x_wconf 75' lang='lat' dir='ltr'><strong>gegeniiber</strong></span> <span class='ocrx_word' id='word_1_364' title='bbox 348 2444 416 2476; x_wconf 85' lang='lat' dir='ltr'><strong>den</strong></span> <span class='ocrx_word' id='word_1_365' title='bbox 435 2445 500 2476; x_wconf 72' lang='lat' dir='ltr'><strong>mit</strong></span> <span class='ocrx_word' id='word_1_366' title='bbox 520 2445 611 2475; x_wconf 86' lang='lat' dir='ltr'><strong>Rom</strong></span> <span class='ocrx_word' id='word_1_367' title='bbox 631 2445 667 2476; x_wconf 88' lang='lat' dir='ltr'><strong>in</strong></span> <span class='ocrx_word' id='word_1_368' title='bbox 686 2444 830 2484; x_wconf 67' lang='lat' dir='ltr'><strong>Vei-trag</strong></span> <span class='ocrx_word' id='word_1_369' title='bbox 849 2444 1034 2476; x_wconf 83' lang='lat' dir='ltr'><strong>stehenden</strong></span> <span class='ocrx_word' id='word_1_370' title='bbox 1054 2444 1126 2475; x_wconf 82' lang='lat' dir='ltr'><strong>und.</strong></span> <span class='ocrx_word' id='word_1_371' title='bbox 1145 2443 1353 2474; x_wconf 82' lang='lat' dir='ltr'><strong>namentlich</strong></span> <span class='ocrx_word' id='word_1_372' title='bbox 1372 2444 1440 2475; x_wconf 86' lang='lat' dir='ltr'><strong>den</strong></span> <span class='ocrx_word' id='word_1_373' title='bbox 1460 2444 1555 2475; x_wconf 67' lang='lat' dir='ltr'><strong>fodo-</strong></span> 
     </span>
     <span class='ocr_line' id='line_1_42' title="bbox 140 2491 466 2523; baseline 0.003 -2"><span class='ocrx_word' id='word_1_374' title='bbox 140 2491 265 2523; x_wconf 63' lang='lat' dir='ltr'><strong>rieroen</strong></span> <span class='ocrx_word' id='word_1_375' title='bbox 289 2492 466 2523; x_wconf 75' lang='lat' dir='ltr'><strong>Staaten.“</strong></span> 
     </span>
    </p>
   </div>
  </div>
 </body>
</html>
