1965 3015
918 153 1155 190 —52—

324 253 498 289 civitatis
532 253 617 289 fieri
653 253 841 297 mutati03
877 258 919 291 et
944 255 985 291 in
1009 256 1028 301 ξ
1054 256 1118 291 29:
1157 252 1270 297 Quod
1295 253 1328 289 si
1346 253 1429 291 'civi
1454 253 1634 291 Romano
1658 254 1749 292 licet

320 322 404 347 esse
427 310 667 348 Gaditanum
687 311 770 347 sive
789 311 924 349 exsilio
944 313 1026 349 sive
1045 311 1281 360 postliminio
1305 310 1397 348 sive'
1410 311 1616 348 reiectione
1634 311 1749 348 huius

322 368 507 404 civitatis,

422 425 499 462 Sed
513 425 742 473 priusquam
757 426 854 463 haec
869 427 1124 475 disceptanda
1139 429 1243 470 sunt,
1259 426 1461 474 praevium
1476 428 1537 462 est
1554 436 1747 473 quaerere,

320 494 417 519 num
441 482 486 526 is,
512 483 593 530 qui,
627 486 840 531 postquam
864 484 1025 521 civitate
1049 485 1228 521 Romana
1250 495 1291 520 se
1314 482 1526 526 abdicavit,
1555 494 1580 519 a
1603 482 1748 530 populo

321 534 456 576 alieno'
479 551 560 577 non
593 544 654 577 cst
684 544 879 588 acceptus,
917 542 1077 578 amittat
1116 542 1317 578 civitatem
1356 541 1577 577 Romanam
1613 548 1747 576 necne.

322 596 454 634 Cicero
480 597 597 634 docet
622 608 710 634 eam
735 609 815 635 non
842 598 972 634 amitti
1005 610 1076 646 pro
1102 597 1212 636 Caec.
1241 601 1305 635 98:
1349 597 1390 636 Si
1423 608 1503 634 non
1537 596 1746 645 accipiunt,

322 675 384 698 —,
409 655 553 691 retinet
577 656 767 702 integram
792 667 949 691 causam
974 659 1016 691 et
1039 657 1100 691 ius
1124 656 1308 692 civitatis.
1353 656 1438 691 Hoc
1457 655 1531 691 etsi
1549 655 1678 690 minus
1696 654 1749 690 ad

324 722 482 747 causam
508 710 622 747 Balbi
653 714 818 758 spectat,
850 714 984 747 tamen
1011 723 1090 748 non
1115 715 1176 748 est
1199 711 1491 760 neglegendum.
1542 711 1619 749 Sed
1641 722 1748 748 acce-

321 768 461 804 damus
483 768 535 803 ad
558 768 684 814 ipsam
707 780 793 804 eam
813 768 1091 814 quaestionem,
1120 780 1142 804 e
1162 780 1240 814 qua
1259 769 1354 804 satis
1369 769 1589 815 disceptata
1603 768 1748 804 discere

320 824 433 860 nobis
445 823 589 867 licebit,
606 824 934 871 quemadmodum
949 824 1095 861 Balbus
1109 825 1311 862 civitatem
1324 825 1544 863 Romanam
1557 825 1748 873 deponere

320 882 505 928 potuerit.
566 882 623 917 Ac
653 882 822 928 primum
853 882 1010 928 quidem
1040 893 1201 928 agamus
1230 881 1279 917 de
1308 882 1500 918 vocabulo
1527 882 1745 924 dicationis,

324 938 430 984 quod
449 938 672 974 derivatum
692 941 752 974 est
766 938 815 974 de
829 938 949 975 verbo
965 938 1093 974 dicare
1112 938 1176 984 (cf.
1191 938 1293 975 Non.
1307 938 1426 975 Marc.
1442 938 1492 974 ed
1506 938 1677 986 Lindsay
1691 938 1746 981 ΙΙ,

322 997 412 1031 444:
429 995 558 1031 dicare
577 1013 616 1026 =
630 996 808 1041 tradere).
845 996 930 1032 Hoc
948 996 1043 1032 artis
1060 995 1294 1032 vocabulum
1311 996 1352 1032 in
1368 1007 1442 1032 usu
1458 994 1577 1031 fuisse
1592 995 1749 1036 videtur

319 1052 471 1088 ratione
489 1052 626 1089 habita
643 1053 735 1089 iuris
754 1052 889 1089 civilis.
934 1052 1153 1090 Secundum
1171 1051 1373 1089 Klotzium
1389 1052 1431 1089 id
1445 1055 1506 1090 est
1524 1052 1612 1096 „ein
1630 1051 1747 1089 ffirm-

321 1109 440 1146 liches
470 1110 658 1158 Zusagen,
690 1111 945 1158 Zusprechen,
976 1110 1058 1147 und
1090 1122 1132 1147 so
1163 1110 1259 1147 wird
1289 1121 1330 1146 es
1361 1109 1443 1146 hier
1472 1110 1747 1158 vorzugsweise

322 1179 402 1203 von
423 1168 529 1203 einer
550 1167 788 1203 besonderen
811 1168 897 1210 Art,
921 1168 1002 1203 sich
1025 1168 1065 1203 in
1088 1168 1150 1203 ein
1173 1168 1334 1204 anderes
1355 1168 1589 1215 Biirgertum
1611 1179 1660 1203 zu
1682 1167 1747 1203 be-

321 1224 457 1272 geben,
497 1224 560 1260 die
600 1224 722 1260 durch
762 1225 847 1260 eine
886 1224 1085 1261 ffirmliche
1125 1224 1348 1261 offentliche
1387 1223 1749 1273 Willenserkliirung

319 1282 499 1329 geschah,
533 1281 655 1318 durch
688 1281 829 1317 welche
862 1294 954 1317 man
986 1282 1067 1317 sich
1099 1294 1148 1318 zu
1180 1282 1305 1318 einem
1340 1282 1476 1319 Staate
1507 1293 1586 1318 von
1617 1281 1748 1318 fortan

319 1338 529 1381 bekannte,
568 1338 808 1385 gebraucht“
850 1338 941 1384 (ΙΙΙ,
985 1340 1104 1384 1053).
1181 1338 1307 1382 Quam
1344 1338 1579 1375 dicationem
1617 1338 1747 1375 Cicero

323 1397 407 1444 (pro
423 1396 469 1432 B.
487 1395 561 1438 XI,
578 1397 637 1442 28)
658 1395 773 1432 docet
794 1407 861 1432 sex
884 1395 978 1432 viris
997 1395 1215 1432 clarissimis
1233 1396 1274 1432 in
1293 1395 1545 1442 calamitatel)
1565 1395 1748 1433 accidisse

322 1453 385 1499 (de
410 1453 484 1489 illis
508 1453 601 1489 viris
626 1453 675 1489 of.
700 1453 882 1489 Reidium
908 1465 997 1501 pgg.
1028 1453 1137 1501 70s71
1167 1452 1368 1489 Klotzium
1395 1452 1473 1496 ΙΙΙ,
1505 1452 1625 1500 1053).

417 1510 562 1547 Vocem
586 1510 803 1547 reiectionis
827 1511 988 1547 Reidius
1020 1511 1077 1547 ita
1101 1511 1380 1559 interpretatur
1408 1512 1462 1559 (p.
1486 1513 1563 1557 73):
1611 1511 1748 1555 „Reie-

321 1569 448 1605 ctione
469 1569 493 1604 i.
509 1580 543 1604 e.
561 1568 616 1615 by
636 1568 766 1604 actual
785 1568 1023 1605 enrolement
1043 1580 1086 1604 as
1106 1569 1245 1605 citizen
1259 1568 1299 1604 in
1319 1580 1370 1604 an
1384 1569 1496 1605 other
1509 1568 1603 1616 city,
1622 1567 1747 1604 which

322 1626 354 1660 is
379 1629 450 1661 not
479 1625 638 1672 implied
667 1625 707 1661 in
735 1625 955 1661 exsilium.“
996 1625 1145 1662 Eadem
1173 1629 1234 1662 est
1263 1625 1457 1661 sententia
1481 1624 1628 1661 Klotzii
1655 1624 1746 1671 (III,

326 1684 450 1728 1054):
501 1682 700 1725 „Reiectio
733 1681 804 1718 soll
836 1683 907 1718 das
939 1682 1147 1730 freiwillige
1178 1682 1380 1730 Aufgeben
1413 1682 1621 1725 andeuten,
1655 1693 1746 1725 was,

322 1751 434 1775 wenn
474 1739 632 1785 jemand
670 1739 865 1775 verbannt
903 1739 1022 1782 ward,
1061 1740 1171 1776 nicht
1209 1740 1278 1776 der
1316 1739 1402 1776 Fall
1439 1739 1521 1775 sein
1559 1739 1747 1776 konnte.“

322 1797 497 1833 Reiectio
521 1796 639 1843 igitur
664 1799 749 1833 erat
768 1797 890 1843 magis
908 1796 1129 1833 voluntaria
1149 1808 1268 1843 quam
1286 1796 1443 1839 dicatio,
1470 1807 1588 1843 quam
1609 1796 1748 1842 aliquis

321 1857 368 1890 ut
392 1853 644 1901 profiteretur
667 1852 891 1889 calamitate
917 1853 1087 1900 quadam
1111 1853 1196 1901 cogi
1220 1853 1383 1890 solebat.

418 1911 504 1947 Iam
529 1911 738 1947 dicendum
763 1914 824 1947 est
848 1911 898 1947 de
923 1911 1099 1957 exsilio²)‚
1127 1910 1232 1958 quod
1257 1910 1387 1948 Cicero
1412 1910 1453 1947 in
1478 1911 1652 1947 oratione
1677 1922 1748 1946 sua

318 1981 389 2017 pro
412 1969 459 2006 A.
480 1968 644 2005 Caecina
679 1968 817 2004 habita
854 1969 913 2004 ita
941 1968 1081 2004 definit
1108 1980 1208 2015 quae
1233 1968 1354 2005 verba
1379 1968 1510 2004 omnia
1535 1968 1747 2004 exscribere

318 2027 413 2063 mihi
444 2026 571 2069 liceat,
605 2026 697 2073 quia
727 2025 864 2062 clarior
894 2025 1009 2063 huius
1039 2025 1219 2062 vocabuli
1249 2025 1362 2062 nobis
1391 2037 1471 2062 non
1500 2028 1656 2073 praesto
1686 2028 1747 2061 est

318 2084 526 2132 explicatio
566 2082 771 2129 (XXXIV,
814 2085 914 2129 100):
967 2083 1071 2120 Nam
1118 2083 1223 2130 quod
1269 2083 1320 2119 ad
1365 2082 1543 2119 exsilium
1589 2083 1745 2126 attinet¹

317 2141 517 2189 perspicue
542 2140 712 2188 intellegi
736 2143 880 2188 potest,
908 2139 1021 2188 quale
1046 2140 1110 2177 sit.
1155 2139 1345 2177 Exsilium
1370 2140 1474 2176 enim
1497 2151 1578 2176 non
1602 2139 1746 2187 suppli-

428 2253 453 2289 ι)
480 2253 664 2283 Oalamitas
690 2256 743 2282 est
768 2252 1029 2291 euphemismus,
1056 2255 1097 2282 ut
1123 2252 1173 2282 ita
1198 2251 1312 2283 dicam
1339 2251 1395 2290 (cf.
1423 2251 1584 2283 Reidium
1608 2261 1643 2291 p.
1673 2253 1743 2289 70);

322 2300 483 2337 „Verlust
505 2300 595 2330 einer
617 2300 850 2340 biirgerlichen
876 2300 1027 2339 Stellung
1049 2299 1085 2331 in
1106 2299 1322 2330 moralischer
1344 2300 1416 2331 und
1437 2299 1746 2330 staatsrechtlicher

320 2347 539 2387 Beziehung“
575 2347 940 2385 (Richter-Eberhard
953 2347 1065 2378 -Nohl
1100 2347 1254 2382 „Ciceros
1286 2347 1382 2378 Rede
1415 2347 1470 2377 fiir
1502 2347 1571 2378 don
1603 2346 1744 2377 Dichter

320 2395 485 2427 Archias“
498 2396 579 2427 adn.
594 2395 640 2427 ad
654 2405 688 2435 p.
708 2396 776 2434 17);
800 2395 847 2426 ad
861 2404 980 2425 vocem
994 2395 1198 2426 calamitatis
1218 2395 1261 2425 cf.
1284 2404 1349 2425 orr.
1364 2404 1427 2434 pro
1441 2394 1482 2424 B.
1497 2394 1669 2429 XXVIII,
1693 2395 1744 2424 65.

318 2454 381 2485 pro
403 2444 504 2475 Arch.
528 2443 570 2479 V,
595 2444 624 2474 9.

427 2492 452 2529 ¹)
478 2492 618 2531 Gasquy
642 2491 750 2530 39140.
796 2490 884 2521 Reid
905 2500 939 2530 p.
960 2492 1000 2521 73
1022 2500 1048 2520 s.
1068 2491 1088 2520 l.
1109 2492 1138 2522 9.
