<?xml version="1.0" encoding="UTF-8"?>
<!DOCTYPE html PUBLIC "-//W3C//DTD XHTML 1.0 Transitional//EN"
    "http://www.w3.org/TR/xhtml1/DTD/xhtml1-transitional.dtd">
<html xmlns="http://www.w3.org/1999/xhtml" xml:lang="en" lang="en">
 <head>
  <title>
</title>
<meta http-equiv="Content-Type" content="text/html;charset=utf-8" />
  <meta name='ocr-system' content='tesseract 3.04.00' />
  <meta name='ocr-capabilities' content='ocr_page ocr_carea ocr_par ocr_line ocrx_word'/>
</head>
<body>
  <div class='ocr_page' id='page_1' title='image "./4737966_0076.png"; bbox 0 0 1965 3015; ppageno 0'>
   <div class='ocr_carea' id='block_1_1' title="bbox 945 182 1185 217">
    <p class='ocr_par' dir='ltr' id='par_1_1' title="bbox 945 182 1185 217">
     <span class='ocr_line' id='line_1_1' title="bbox 945 182 1185 217; baseline 0 -10"><span class='ocrx_word' id='word_1_1' title='bbox 945 182 1087 217; x_wconf 76' lang='lat'>...52</span> <span class='ocrx_word' id='word_1_2' title='bbox 1138 201 1185 207; x_wconf 70' lang='lat'><strong>--</strong></span> 
     </span>
    </p>
   </div>
   <div class='ocr_carea' id='block_1_2' title="bbox 342 279 1774 1468">
    <p class='ocr_par' dir='ltr' id='par_1_2' title="bbox 343 279 1773 552">
     <span class='ocr_line' id='line_1_2' title="bbox 441 279 1770 327; baseline 0.001 -12"><span class='ocrx_word' id='word_1_3' title='bbox 441 279 500 315; x_wconf 89' lang='lat' dir='ltr'><strong>De</strong></span> <span class='ocrx_word' id='word_1_4' title='bbox 522 279 845 327; x_wconf 77' lang='lat' dir='ltr'><strong>reprehensione1)</strong></span> <span class='ocrx_word' id='word_1_5' title='bbox 868 280 917 317; x_wconf 81' lang='lat' dir='ltr'><strong>cf.</strong></span> <span class='ocrx_word' id='word_1_6' title='bbox 941 280 990 317; x_wconf 91' lang='lat' dir='ltr'><strong>de</strong></span> <span class='ocrx_word' id='word_1_7' title='bbox 1011 281 1090 317; x_wconf 86' lang='lat' dir='ltr'><strong>inv.</strong></span> <span class='ocrx_word' id='word_1_8' title='bbox 1114 280 1147 323; x_wconf 92' lang='lat'><strong>1,</strong></span> <span class='ocrx_word' id='word_1_9' title='bbox 1171 281 1229 323; x_wconf 89' lang='lat'><strong>42,</strong></span> <span class='ocrx_word' id='word_1_10' title='bbox 1255 281 1319 323; x_wconf 82' lang='lat'><strong>783</strong></span> <span class='ocrx_word' id='word_1_11' title='bbox 1357 282 1468 316; x_wconf 86' lang='grc'><strong>79-</strong></span> <span class='ocrx_word' id='word_1_12' title='bbox 1482 282 1541 323; x_wconf 83' lang='grc'><strong>51,</strong></span> <span class='ocrx_word' id='word_1_13' title='bbox 1566 282 1630 322; x_wconf 81' lang='grc'><strong>96;</strong></span> <span class='ocrx_word' id='word_1_14' title='bbox 1667 284 1770 327; x_wconf 79' lang='lat' dir='ltr'><strong>part.</strong></span> 
     </span>
     <span class='ocr_line' id='line_1_3' title="bbox 343 336 1773 383; baseline 0.001 -12"><span class='ocrx_word' id='word_1_15' title='bbox 343 349 398 372; x_wconf 90' lang='lat' dir='ltr'><strong>or.</strong></span> <span class='ocrx_word' id='word_1_16' title='bbox 425 339 480 379; x_wconf 88' lang='grc'><strong>12,</strong></span> <span class='ocrx_word' id='word_1_17' title='bbox 502 340 561 372; x_wconf 91' lang='lat'><strong>44.</strong></span> <span class='ocrx_word' id='word_1_18' title='bbox 602 336 861 383; x_wconf 88' lang='lat' dir='ltr'><strong>,P,lerumque</strong></span> <span class='ocrx_word' id='word_1_19' title='bbox 878 338 1009 374; x_wconf 87' lang='lat' dir='ltr'><strong>Cicero</strong></span> <span class='ocrx_word' id='word_1_20' title='bbox 1028 339 1122 373; x_wconf 84' lang='lat' dir='ltr'><strong>satis</strong></span> <span class='ocrx_word' id='word_1_21' title='bbox 1141 336 1259 373; x_wconf 89' lang='lat' dir='ltr'><strong>habet</strong></span> <span class='ocrx_word' id='word_1_22' title='bbox 1276 346 1335 379; x_wconf 88' lang='lat' dir='ltr'><strong>ea,</strong></span> <span class='ocrx_word' id='word_1_23' title='bbox 1356 347 1455 382; x_wconf 82' lang='lat' dir='ltr'><strong>quae</strong></span> <span class='ocrx_word' id='word_1_24' title='bbox 1474 337 1524 372; x_wconf 88' lang='lat' dir='ltr'><strong>ab</strong></span> <span class='ocrx_word' id='word_1_25' title='bbox 1543 336 1773 372; x_wconf 80' lang='lat' dir='ltr'><strong>adversariis</strong></span> 
     </span>
     <span class='ocr_line' id='line_1_4' title="bbox 343 393 1770 442; baseline 0.001 -13"><span class='ocrx_word' id='word_1_26' title='bbox 343 393 605 440; x_wconf 80' lang='lat' dir='ltr'><strong>proferuntur,</strong></span> <span class='ocrx_word' id='word_1_27' title='bbox 643 394 920 431; x_wconf 80' lang='lat' dir='ltr'><strong>tantummodo</strong></span> <span class='ocrx_word' id='word_1_28' title='bbox 955 394 1121 442; x_wconf 83' lang='lat' dir='ltr'><strong>negare“</strong></span> <span class='ocrx_word' id='word_1_29' title='bbox 1151 393 1289 430; x_wconf 88' lang='lat' dir='ltr'><strong>Rohde</strong></span> <span class='ocrx_word' id='word_1_30' title='bbox 1317 395 1398 430; x_wconf 89' lang='grc'><strong>122.</strong></span> <span class='ocrx_word' id='word_1_31' title='bbox 1440 403 1512 441; x_wconf 86' lang='lat' dir='ltr'><strong>pro</strong></span> <span class='ocrx_word' id='word_1_32' title='bbox 1536 394 1583 430; x_wconf 91' lang='lat' dir='ltr'><strong>B.</strong></span> <span class='ocrx_word' id='word_1_33' title='bbox 1609 393 1678 437; x_wconf 92' lang='lat' dir='ltr'><strong>VI,</strong></span> <span class='ocrx_word' id='word_1_34' title='bbox 1709 396 1770 437; x_wconf 90' lang='grc'><strong>14;</strong></span> 
     </span>
     <span class='ocr_line' id='line_1_5' title="bbox 343 451 1770 495; baseline 0 -8"><span class='ocrx_word' id='word_1_35' title='bbox 343 451 456 493; x_wconf 91' lang='lat' dir='ltr'>VIII,</span> <span class='ocrx_word' id='word_1_36' title='bbox 479 454 639 494; x_wconf 85' lang='lat'>19-—20;</span> <span class='ocrx_word' id='word_1_37' title='bbox 668 452 742 494; x_wconf 93' lang='lat' dir='ltr'><strong>XI,</strong></span> <span class='ocrx_word' id='word_1_38' title='bbox 762 455 825 495; x_wconf 89' lang='lat'><strong>27;</strong></span> <span class='ocrx_word' id='word_1_39' title='bbox 855 453 971 495; x_wconf 94' lang='lat' dir='ltr'>XIII,</span> <span class='ocrx_word' id='word_1_40' title='bbox 992 456 1038 488; x_wconf 90' lang='lat'><strong>30</strong></span> <span class='ocrx_word' id='word_1_41' title='bbox 1054 465 1084 488; x_wconf 90' lang='lat' dir='ltr'><strong>s.</strong></span> <span class='ocrx_word' id='word_1_42' title='bbox 1102 453 1135 494; x_wconf 81' lang='lat' dir='ltr'><strong>f;</strong></span> <span class='ocrx_word' id='word_1_43' title='bbox 1163 452 1271 494; x_wconf 92' lang='lat' dir='ltr'>XIV,</span> <span class='ocrx_word' id='word_1_44' title='bbox 1291 453 1452 493; x_wconf 79' lang='lat'>32—333</span> <span class='ocrx_word' id='word_1_45' title='bbox 1480 451 1588 493; x_wconf 91' lang='lat' dir='ltr'>XVI,</span> <span class='ocrx_word' id='word_1_46' title='bbox 1608 454 1770 493; x_wconf 82' lang='lat'><strong>36—37;</strong></span> 
     </span>
     <span class='ocr_line' id='line_1_6' title="bbox 344 508 1034 552; baseline 0.003 -9"><span class='ocrx_word' id='word_1_47' title='bbox 344 508 496 551; x_wconf 91' lang='lat' dir='ltr'>XXIV,</span> <span class='ocrx_word' id='word_1_48' title='bbox 523 511 572 544; x_wconf 88' lang='lat'>54</span> <span class='ocrx_word' id='word_1_49' title='bbox 595 520 625 544; x_wconf 89' lang='lat' dir='ltr'><strong>s.</strong></span> <span class='ocrx_word' id='word_1_50' title='bbox 651 509 684 551; x_wconf 80' lang='lat' dir='ltr'><strong>f;</strong></span> <span class='ocrx_word' id='word_1_51' title='bbox 722 509 850 552; x_wconf 85' lang='lat' dir='ltr'>XXV,</span> <span class='ocrx_word' id='word_1_52' title='bbox 877 512 1034 545; x_wconf 83' lang='lat'><strong>56—57.</strong></span> 
     </span>
    </p>

    <p class='ocr_par' dir='ltr' id='par_1_3' title="bbox 343 565 1774 898">
     <span class='ocr_line' id='line_1_7' title="bbox 440 565 1772 614; baseline -0.002 -11"><span class='ocrx_word' id='word_1_53' title='bbox 440 566 554 610; x_wconf 83' lang='lat' dir='ltr'><strong>Quod</strong></span> <span class='ocrx_word' id='word_1_54' title='bbox 580 570 713 603; x_wconf 85' lang='lat' dir='ltr'><strong>autem</strong></span> <span class='ocrx_word' id='word_1_55' title='bbox 740 579 810 614; x_wconf 91' lang='lat' dir='ltr'><strong>pro</strong></span> <span class='ocrx_word' id='word_1_56' title='bbox 837 568 946 614; x_wconf 86' lang='lat' dir='ltr'><strong>signo</strong></span> <span class='ocrx_word' id='word_1_57' title='bbox 972 571 1158 610; x_wconf 77' lang='lat' dir='ltr'>sumetur,</span> <span class='ocrx_word' id='word_1_58' title='bbox 1195 567 1235 602; x_wconf 93' lang='lat' dir='ltr'><strong>id</strong></span> <span class='ocrx_word' id='word_1_59' title='bbox 1265 578 1314 602; x_wconf 87' lang='lat' dir='ltr'><strong>ex</strong></span> <span class='ocrx_word' id='word_1_60' title='bbox 1340 566 1462 602; x_wconf 89' lang='lat' dir='ltr'><strong>isdem</strong></span> <span class='ocrx_word' id='word_1_61' title='bbox 1488 565 1593 608; x_wconf 88' lang='lat' dir='ltr'><strong>locis,</strong></span> <span class='ocrx_word' id='word_1_62' title='bbox 1631 566 1772 612; x_wconf 85' lang='lat' dir='ltr'><strong>quibus</strong></span> 
     </span>
     <span class='ocr_line' id='line_1_8' title="bbox 343 622 1773 670; baseline 0 -11"><span class='ocrx_word' id='word_1_63' title='bbox 343 624 613 667; x_wconf 84' lang='lat' dir='ltr'><strong>confirmatur,</strong></span> <span class='ocrx_word' id='word_1_64' title='bbox 657 624 920 660; x_wconf 76' lang='lat' dir='ltr'><strong>infirmabitur</strong></span> <span class='ocrx_word' id='word_1_65' title='bbox 957 624 1020 669; x_wconf 89' lang='lat' dir='ltr'><strong>(de</strong></span> <span class='ocrx_word' id='word_1_66' title='bbox 1053 625 1132 660; x_wconf 86' lang='lat' dir='ltr'><strong>inv.</strong></span> <span class='ocrx_word' id='word_1_67' title='bbox 1166 624 1198 667; x_wconf 94' lang='grc' dir='ltr'><strong>Ι,</strong></span> <span class='ocrx_word' id='word_1_68' title='bbox 1232 626 1292 667; x_wconf 93' lang='grc'><strong>43,</strong></span> <span class='ocrx_word' id='word_1_69' title='bbox 1327 625 1398 669; x_wconf 88' lang='lat'>81).</span> <span class='ocrx_word' id='word_1_70' title='bbox 1463 622 1551 660; x_wconf 89' lang='lat' dir='ltr'><strong>Huc</strong></span> <span class='ocrx_word' id='word_1_71' title='bbox 1593 625 1773 670; x_wconf 75' lang='lat' dir='ltr'><strong>spectant</strong></span> 
     </span>
     <span class='ocr_line' id='line_1_9' title="bbox 345 679 1773 728; baseline 0 -12"><span class='ocrx_word' id='word_1_72' title='bbox 345 680 411 716; x_wconf 86' lang='lat' dir='ltr'><strong>illa</strong></span> <span class='ocrx_word' id='word_1_73' title='bbox 431 682 622 717; x_wconf 84' lang='lat' dir='ltr'><strong>Ciceronis</strong></span> <span class='ocrx_word' id='word_1_74' title='bbox 640 693 711 728; x_wconf 92' lang='lat' dir='ltr'><strong>pro</strong></span> <span class='ocrx_word' id='word_1_75' title='bbox 731 681 777 716; x_wconf 91' lang='lat' dir='ltr'><strong>B.</strong></span> <span class='ocrx_word' id='word_1_76' title='bbox 799 681 927 723; x_wconf 94' lang='lat' dir='ltr'>XXV,</span> <span class='ocrx_word' id='word_1_77' title='bbox 949 683 1094 717; x_wconf 86' lang='lat'>56—57</span> <span class='ocrx_word' id='word_1_78' title='bbox 1104 694 1112 724; x_wconf 91' lang='lat'>;</span> <span class='ocrx_word' id='word_1_79' title='bbox 1147 682 1287 728; x_wconf 92' lang='lat' dir='ltr'><strong>quibus</strong></span> <span class='ocrx_word' id='word_1_80' title='bbox 1306 680 1433 717; x_wconf 87' lang='lat' dir='ltr'><strong>verbis</strong></span> <span class='ocrx_word' id='word_1_81' title='bbox 1451 679 1621 717; x_wconf 79' lang='lat' dir='ltr'><strong>refellere</strong></span> <span class='ocrx_word' id='word_1_82' title='bbox 1639 680 1773 716; x_wconf 79' lang='lat' dir='ltr'><strong>studet</strong></span> 
     </span>
     <span class='ocr_line' id='line_1_10' title="bbox 343 737 1774 784; baseline 0.001 -11"><span class='ocrx_word' id='word_1_83' title='bbox 343 741 621 779; x_wconf 72' lang='lat' dir='ltr'><strong>accusatorem,</strong></span> <span class='ocrx_word' id='word_1_84' title='bbox 659 738 726 783; x_wconf 94' lang='lat' dir='ltr'><strong>qui</strong></span> <span class='ocrx_word' id='word_1_85' title='bbox 751 737 919 772; x_wconf 82' lang='lat' dir='ltr'><strong>Balbum</strong></span> <span class='ocrx_word' id='word_1_86' title='bbox 949 738 1145 774; x_wconf 90' lang='lat' dir='ltr'><strong>hominem</strong></span> <span class='ocrx_word' id='word_1_87' title='bbox 1175 748 1258 774; x_wconf 90' lang='lat' dir='ltr'><strong>esse</strong></span> <span class='ocrx_word' id='word_1_88' title='bbox 1281 738 1482 774; x_wconf 71' lang='lat' dir='ltr'><strong>contendit</strong></span> <span class='ocrx_word' id='word_1_89' title='bbox 1505 737 1663 774; x_wconf 82' lang='lat' dir='ltr'><strong>minime</strong></span> <span class='ocrx_word' id='word_1_90' title='bbox 1686 737 1774 784; x_wconf 87' lang='lat' dir='ltr'><strong>puri</strong></span> 
     </span>
     <span class='ocr_line' id='line_1_11' title="bbox 343 794 1772 842; baseline 0.001 -13"><span class='ocrx_word' id='word_1_91' title='bbox 343 795 464 830; x_wconf 85' lang='lat' dir='ltr'><strong>animi</strong></span> <span class='ocrx_word' id='word_1_92' title='bbox 499 797 619 840; x_wconf 86' lang='lat' dir='ltr'><strong>atque</strong></span> <span class='ocrx_word' id='word_1_93' title='bbox 654 794 807 830; x_wconf 88' lang='lat' dir='ltr'><strong>honesti</strong></span> <span class='ocrx_word' id='word_1_94' title='bbox 843 794 1078 840; x_wconf 85' lang='lat' dir='ltr'><strong>minimeque</strong></span> <span class='ocrx_word' id='word_1_95' title='bbox 1113 795 1325 831; x_wconf 88' lang='lat' dir='ltr'><strong>secundum</strong></span> <span class='ocrx_word' id='word_1_96' title='bbox 1360 795 1461 842; x_wconf 88' lang='lat' dir='ltr'><strong>leges</strong></span> <span class='ocrx_word' id='word_1_97' title='bbox 1496 796 1537 832; x_wconf 92' lang='lat' dir='ltr'><strong>in</strong></span> <span class='ocrx_word' id='word_1_98' title='bbox 1571 795 1772 831; x_wconf 82' lang='lat' dir='ltr'><strong>civitatem</strong></span> 
     </span>
     <span class='ocr_line' id='line_1_12' title="bbox 343 851 795 898; baseline 0 -12"><span class='ocrx_word' id='word_1_99' title='bbox 343 852 564 887; x_wconf 79' lang='lat' dir='ltr'><strong>Romanam</strong></span> <span class='ocrx_word' id='word_1_100' title='bbox 588 851 795 898; x_wconf 80' lang='lat' dir='ltr'><strong>irrepsisse.</strong></span> 
     </span>
    </p>

    <p class='ocr_par' dir='ltr' id='par_1_4' title="bbox 342 908 1773 1070">
     <span class='ocr_line' id='line_1_13' title="bbox 445 908 1772 955; baseline 0.001 -11"><span class='ocrx_word' id='word_1_101' title='bbox 445 908 574 944; x_wconf 86' lang='lat' dir='ltr'><strong>Genus</strong></span> <span class='ocrx_word' id='word_1_102' title='bbox 604 909 731 955; x_wconf 89' lang='lat' dir='ltr'><strong>ipsum</strong></span> <span class='ocrx_word' id='word_1_103' title='bbox 760 909 1108 955; x_wconf 71' lang='lat' dir='ltr'><strong>argumentationis</strong></span> <span class='ocrx_word' id='word_1_104' title='bbox 1137 909 1322 944; x_wconf 88' lang='lat' dir='ltr'><strong>vitiosum</strong></span> <span class='ocrx_word' id='word_1_105' title='bbox 1352 910 1587 952; x_wconf 87' lang='lat' dir='ltr'><strong>ostenditur;</strong></span> <span class='ocrx_word' id='word_1_106' title='bbox 1640 909 1689 945; x_wconf 80' lang='lat' dir='ltr'><strong>cf.</strong></span> <span class='ocrx_word' id='word_1_107' title='bbox 1723 909 1772 945; x_wconf 89' lang='lat' dir='ltr'><strong>de</strong></span> 
     </span>
     <span class='ocr_line' id='line_1_14' title="bbox 344 964 1773 1008; baseline 0 -6"><span class='ocrx_word' id='word_1_108' title='bbox 344 966 423 1002; x_wconf 87' lang='lat' dir='ltr'><strong>inv.</strong></span> <span class='ocrx_word' id='word_1_109' title='bbox 459 966 492 1008; x_wconf 93' lang='lat' dir='ltr'><strong>I,</strong></span> <span class='ocrx_word' id='word_1_110' title='bbox 527 967 586 1008; x_wconf 89' lang='lat'><strong>42,</strong></span> <span class='ocrx_word' id='word_1_111' title='bbox 622 968 680 1001; x_wconf 85' lang='grc'><strong>79.</strong></span> <span class='ocrx_word' id='word_1_112' title='bbox 747 964 835 1001; x_wconf 91' lang='lat' dir='ltr'><strong>Huc</strong></span> <span class='ocrx_word' id='word_1_113' title='bbox 867 965 1056 1001; x_wconf 84' lang='lat' dir='ltr'><strong>referendi</strong></span> <span class='ocrx_word' id='word_1_114' title='bbox 1089 969 1182 1002; x_wconf 89' lang='lat' dir='ltr'><strong>sunt</strong></span> <span class='ocrx_word' id='word_1_115' title='bbox 1213 966 1377 1002; x_wconf 78' lang='lat' dir='ltr'><strong>fortasse</strong></span> <span class='ocrx_word' id='word_1_116' title='bbox 1409 966 1449 1002; x_wconf 92' lang='lat' dir='ltr'><strong>hi</strong></span> <span class='ocrx_word' id='word_1_117' title='bbox 1482 966 1555 1002; x_wconf 91' lang='lat' dir='ltr'><strong>loci</strong></span> <span class='ocrx_word' id='word_1_118' title='bbox 1587 966 1773 1002; x_wconf 84' lang='lat' dir='ltr'><strong>orationis</strong></span> 
     </span>
     <span class='ocr_line' id='line_1_15' title="bbox 342 1022 1267 1070; baseline 0.001 -12"><span class='ocrx_word' id='word_1_119' title='bbox 342 1022 556 1059; x_wconf 83' lang='lat' dir='ltr'><strong>Balbianae</strong></span> <span class='ocrx_word' id='word_1_120' title='bbox 585 1024 620 1069; x_wconf 61' lang='grc' dir='ltr'><strong>ἓξ</strong></span> <span class='ocrx_word' id='word_1_121' title='bbox 646 1025 693 1058; x_wconf 89' lang='grc'><strong>20</strong></span> <span class='ocrx_word' id='word_1_122' title='bbox 717 1022 837 1065; x_wconf 90' lang='lat' dir='ltr'><strong>med.;</strong></span> <span class='ocrx_word' id='word_1_123' title='bbox 866 1025 930 1065; x_wconf 86' lang='lat'><strong>37;</strong></span> <span class='ocrx_word' id='word_1_124' title='bbox 958 1025 1022 1066; x_wconf 87' lang='lat'><strong>25;</strong></span> <span class='ocrx_word' id='word_1_125' title='bbox 1050 1025 1115 1066; x_wconf 83' lang='lat'><strong>27;</strong></span> <span class='ocrx_word' id='word_1_126' title='bbox 1142 1022 1267 1070; x_wconf 85' lang='grc'><strong>32133.</strong></span> 
     </span>
    </p>

    <p class='ocr_par' dir='ltr' id='par_1_5' title="bbox 342 1079 1774 1468">
     <span class='ocr_line' id='line_1_16' title="bbox 443 1079 1772 1127; baseline -0.001 -11"><span class='ocrx_word' id='word_1_127' title='bbox 443 1080 574 1117; x_wconf 91' lang='lat' dir='ltr'><strong>Cicero</strong></span> <span class='ocrx_word' id='word_1_128' title='bbox 610 1080 724 1115; x_wconf 88' lang='lat' dir='ltr'><strong>docet</strong></span> <span class='ocrx_word' id='word_1_129' title='bbox 761 1079 973 1126; x_wconf 80' lang='lat' dir='ltr'><strong>simplicem</strong></span> <span class='ocrx_word' id='word_1_130' title='bbox 1009 1080 1292 1116; x_wconf 84' lang='lat' dir='ltr'><strong>conclusionem</strong></span> <span class='ocrx_word' id='word_1_131' title='bbox 1328 1080 1566 1127; x_wconf 84' lang='lat' dir='ltr'><strong>reprehendi,</strong></span> <span class='ocrx_word' id='word_1_132' title='bbox 1618 1080 1650 1115; x_wconf 91' lang='lat' dir='ltr'><strong>si</strong></span> <span class='ocrx_word' id='word_1_133' title='bbox 1686 1080 1772 1122; x_wconf 87' lang='lat' dir='ltr'><strong>hoc,</strong></span> 
     </span>
     <span class='ocr_line' id='line_1_17' title="bbox 345 1137 1773 1184; baseline -0.001 -11"><span class='ocrx_word' id='word_1_134' title='bbox 345 1137 452 1184; x_wconf 92' lang='lat' dir='ltr'><strong>quod</strong></span> <span class='ocrx_word' id='word_1_135' title='bbox 476 1137 663 1184; x_wconf 89' lang='lat' dir='ltr'><strong>sequitur,</strong></span> <span class='ocrx_word' id='word_1_136' title='bbox 687 1149 766 1173; x_wconf 91' lang='lat' dir='ltr'><strong>non</strong></span> <span class='ocrx_word' id='word_1_137' title='bbox 790 1137 970 1173; x_wconf 88' lang='lat' dir='ltr'><strong>videatur</strong></span> <span class='ocrx_word' id='word_1_138' title='bbox 993 1138 1205 1173; x_wconf 88' lang='lat' dir='ltr'><strong>necessario</strong></span> <span class='ocrx_word' id='word_1_139' title='bbox 1228 1149 1318 1173; x_wconf 89' lang='lat' dir='ltr'><strong>cum</strong></span> <span class='ocrx_word' id='word_1_140' title='bbox 1340 1149 1400 1180; x_wconf 90' lang='lat' dir='ltr'><strong>eo,</strong></span> <span class='ocrx_word' id='word_1_141' title='bbox 1425 1137 1530 1184; x_wconf 93' lang='lat' dir='ltr'><strong>quod</strong></span> <span class='ocrx_word' id='word_1_142' title='bbox 1553 1138 1773 1179; x_wconf 79' lang='lat' dir='ltr'><strong>antecessit,</strong></span> 
     </span>
     <span class='ocr_line' id='line_1_18' title="bbox 346 1194 1773 1240; baseline 0 -10"><span class='ocrx_word' id='word_1_143' title='bbox 346 1195 561 1236; x_wconf 89' lang='lat' dir='ltr'><strong>cohaerere,</strong></span> <span class='ocrx_word' id='word_1_144' title='bbox 601 1194 650 1230; x_wconf 92' lang='lat' dir='ltr'><strong>de</strong></span> <span class='ocrx_word' id='word_1_145' title='bbox 682 1194 762 1230; x_wconf 89' lang='lat' dir='ltr'><strong>inv.</strong></span> <span class='ocrx_word' id='word_1_146' title='bbox 786 1194 820 1237; x_wconf 92' lang='grc' dir='ltr'><strong>Ι,</strong></span> <span class='ocrx_word' id='word_1_147' title='bbox 845 1196 904 1237; x_wconf 87' lang='lat'>42,</span> <span class='ocrx_word' id='word_1_148' title='bbox 930 1197 988 1230; x_wconf 84' lang='lat'><strong>79.</strong></span> <span class='ocrx_word' id='word_1_149' title='bbox 1035 1195 1156 1231; x_wconf 83' lang='lat' dir='ltr'><strong>Recte</strong></span> <span class='ocrx_word' id='word_1_150' title='bbox 1179 1194 1364 1231; x_wconf 89' lang='lat' dir='ltr'><strong>Rohdeus</strong></span> <span class='ocrx_word' id='word_1_151' title='bbox 1389 1195 1554 1231; x_wconf 86' lang='lat' dir='ltr'><strong>adnotat</strong></span> <span class='ocrx_word' id='word_1_152' title='bbox 1578 1195 1677 1240; x_wconf 87' lang='lat'>(127)</span> <span class='ocrx_word' id='word_1_153' title='bbox 1697 1195 1773 1231; x_wconf 88' lang='lat' dir='ltr'><strong>huc</strong></span> 
     </span>
     <span class='ocr_line' id='line_1_19' title="bbox 345 1251 1774 1298; baseline 0 -12"><span class='ocrx_word' id='word_1_154' title='bbox 345 1251 478 1287; x_wconf 90' lang='lat' dir='ltr'><strong>omnia</strong></span> <span class='ocrx_word' id='word_1_155' title='bbox 494 1251 672 1298; x_wconf 88' lang='lat' dir='ltr'><strong>exempla</strong></span> <span class='ocrx_word' id='word_1_156' title='bbox 689 1251 820 1286; x_wconf 83' lang='lat' dir='ltr'><strong>referri</strong></span> <span class='ocrx_word' id='word_1_157' title='bbox 837 1262 949 1297; x_wconf 87' lang='lat' dir='ltr'><strong>posse</strong></span> <span class='ocrx_word' id='word_1_158' title='bbox 966 1263 1083 1298; x_wconf 82' lang='lat' dir='ltr'><strong>supra</strong></span> <span class='ocrx_word' id='word_1_159' title='bbox 1099 1255 1413 1287; x_wconf 81' lang='lat' dir='ltr'><strong>commemorata.</strong></span> <span class='ocrx_word' id='word_1_160' title='bbox 1451 1251 1578 1295; x_wconf 84' lang='lat' dir='ltr'><strong>„Nam</strong></span> <span class='ocrx_word' id='word_1_161' title='bbox 1595 1251 1774 1287; x_wconf 88' lang='lat' dir='ltr'><strong>omnibus</strong></span> 
     </span>
     <span class='ocr_line' id='line_1_20' title="bbox 344 1308 1774 1355; baseline 0.001 -12"><span class='ocrx_word' id='word_1_162' title='bbox 344 1308 418 1343; x_wconf 87' lang='lat' dir='ltr'><strong>illis</strong></span> <span class='ocrx_word' id='word_1_163' title='bbox 441 1308 534 1344; x_wconf 87' lang='lat' dir='ltr'><strong>locis</strong></span> <span class='ocrx_word' id='word_1_164' title='bbox 557 1308 776 1344; x_wconf 84' lang='lat' dir='ltr'><strong>ostenditur</strong></span> <span class='ocrx_word' id='word_1_165' title='bbox 797 1318 846 1343; x_wconf 87' lang='lat' dir='ltr'><strong>ex</strong></span> <span class='ocrx_word' id='word_1_166' title='bbox 869 1308 915 1343; x_wconf 91' lang='lat' dir='ltr'><strong>iis</strong></span> <span class='ocrx_word' id='word_1_167' title='bbox 937 1308 1063 1351; x_wconf 85' lang='lat' dir='ltr'><strong>rebus,</strong></span> <span class='ocrx_word' id='word_1_168' title='bbox 1089 1319 1189 1355; x_wconf 80' lang='lat' dir='ltr'><strong>quae</strong></span> <span class='ocrx_word' id='word_1_169' title='bbox 1211 1308 1261 1344; x_wconf 85' lang='lat' dir='ltr'><strong>ab</strong></span> <span class='ocrx_word' id='word_1_170' title='bbox 1284 1308 1513 1345; x_wconf 84' lang='lat' dir='ltr'><strong>adversariis</strong></span> <span class='ocrx_word' id='word_1_171' title='bbox 1536 1308 1587 1345; x_wconf 85' lang='lat' dir='ltr'><strong>ad</strong></span> <span class='ocrx_word' id='word_1_172' title='bbox 1609 1308 1774 1355; x_wconf 81' lang='lat' dir='ltr'><strong>proban-</strong></span> 
     </span>
     <span class='ocr_line' id='line_1_21' title="bbox 342 1365 1773 1412; baseline 0 -11"><span class='ocrx_word' id='word_1_173' title='bbox 342 1366 439 1401; x_wconf 90' lang='lat' dir='ltr'><strong>dum</strong></span> <span class='ocrx_word' id='word_1_174' title='bbox 466 1369 645 1412; x_wconf 80' lang='lat' dir='ltr'><strong>sumptae</strong></span> <span class='ocrx_word' id='word_1_175' title='bbox 671 1366 762 1407; x_wconf 90' lang='lat' dir='ltr'><strong>sint,</strong></span> <span class='ocrx_word' id='word_1_176' title='bbox 790 1366 872 1401; x_wconf 87' lang='lat' dir='ltr'><strong>sive</strong></span> <span class='ocrx_word' id='word_1_177' title='bbox 898 1365 1095 1400; x_wconf 88' lang='lat' dir='ltr'><strong>credibilia</strong></span> <span class='ocrx_word' id='word_1_178' title='bbox 1120 1366 1202 1400; x_wconf 88' lang='lat' dir='ltr'><strong>sive</strong></span> <span class='ocrx_word' id='word_1_179' title='bbox 1228 1365 1338 1412; x_wconf 88' lang='lat' dir='ltr'><strong>signa</strong></span> <span class='ocrx_word' id='word_1_180' title='bbox 1363 1366 1445 1400; x_wconf 85' lang='lat' dir='ltr'><strong>sive</strong></span> <span class='ocrx_word' id='word_1_181' title='bbox 1471 1365 1642 1401; x_wconf 82' lang='lat' dir='ltr'><strong>iudicata</strong></span> <span class='ocrx_word' id='word_1_182' title='bbox 1668 1369 1773 1407; x_wconf 84' lang='lat' dir='ltr'><strong>sunt,</strong></span> 
     </span>
     <span class='ocr_line' id='line_1_22' title="bbox 343 1420 1677 1468; baseline 0 -11"><span class='ocrx_word' id='word_1_183' title='bbox 343 1434 423 1458; x_wconf 91' lang='lat' dir='ltr'><strong>non</strong></span> <span class='ocrx_word' id='word_1_184' title='bbox 446 1433 599 1458; x_wconf 88' lang='lat' dir='ltr'><strong>necesse</strong></span> <span class='ocrx_word' id='word_1_185' title='bbox 622 1432 704 1457; x_wconf 88' lang='lat' dir='ltr'><strong>esse</strong></span> <span class='ocrx_word' id='word_1_186' title='bbox 726 1432 773 1457; x_wconf 88' lang='lat' dir='ltr'><strong>ea</strong></span> <span class='ocrx_word' id='word_1_187' title='bbox 796 1420 985 1464; x_wconf 90' lang='lat' dir='ltr'><strong>concludi,</strong></span> <span class='ocrx_word' id='word_1_188' title='bbox 1011 1433 1111 1468; x_wconf 85' lang='lat' dir='ltr'><strong>quae</strong></span> <span class='ocrx_word' id='word_1_189' title='bbox 1134 1421 1343 1458; x_wconf 84' lang='lat' dir='ltr'><strong>adversarii</strong></span> <span class='ocrx_word' id='word_1_190' title='bbox 1366 1422 1677 1458; x_wconf 87' lang='lat' dir='ltr'><strong>concluserunt.“</strong></span> 
     </span>
    </p>
   </div>
   <div class='ocr_carea' id='block_1_3' title="bbox 865 1534 1274 1572">
    <p class='ocr_par' dir='ltr' id='par_1_6' title="bbox 865 1534 1274 1572">
     <span class='ocr_line' id='line_1_23' title="bbox 865 1534 1274 1572; baseline 0.002 -2"><span class='ocrx_word' id='word_1_191' title='bbox 865 1534 932 1571; x_wconf 90' lang='lat' dir='ltr'><strong>IV.</strong></span> <span class='ocrx_word' id='word_1_192' title='bbox 971 1535 1274 1572; x_wconf 85' lang='lat' dir='ltr'><strong>Conclusio.</strong></span> 
     </span>
    </p>
   </div>
   <div class='ocr_carea' id='block_1_4' title="bbox 347 1619 1775 1892">
    <p class='ocr_par' dir='ltr' id='par_1_7' title="bbox 347 1619 1773 1722">
     <span class='ocr_line' id='line_1_24' title="bbox 445 1619 1773 1669; baseline -0.001 -12"><span class='ocrx_word' id='word_1_193' title='bbox 445 1621 583 1669; x_wconf 84' lang='lat' dir='ltr'><strong>Rohde</strong></span> <span class='ocrx_word' id='word_1_194' title='bbox 609 1623 812 1656; x_wconf 86' lang='lat'>131—144.</span> <span class='ocrx_word' id='word_1_195' title='bbox 859 1620 1069 1656; x_wconf 87' lang='lat' dir='ltr'><strong>Preiswerk</strong></span> <span class='ocrx_word' id='word_1_196' title='bbox 1096 1623 1248 1656; x_wconf 90' lang='grc'><strong>14-24,</strong></span> <span class='ocrx_word' id='word_1_197' title='bbox 1295 1619 1371 1658; x_wconf 86' lang='lat' dir='ltr'><strong>Cic.</strong></span> <span class='ocrx_word' id='word_1_198' title='bbox 1395 1620 1444 1657; x_wconf 89' lang='lat' dir='ltr'><strong>de</strong></span> <span class='ocrx_word' id='word_1_199' title='bbox 1467 1621 1546 1657; x_wconf 84' lang='lat' dir='ltr'><strong>inv.</strong></span> <span class='ocrx_word' id='word_1_200' title='bbox 1571 1620 1604 1664; x_wconf 94' lang='grc' dir='ltr'><strong>Ῑ,</strong></span> <span class='ocrx_word' id='word_1_201' title='bbox 1629 1623 1688 1664; x_wconf 87' lang='grc'><strong>52,</strong></span> <span class='ocrx_word' id='word_1_202' title='bbox 1714 1623 1773 1656; x_wconf 85' lang='grc'><strong>98.</strong></span> 
     </span>
     <span class='ocr_line' id='line_1_25' title="bbox 347 1678 1456 1722; baseline 0 -8"><span class='ocrx_word' id='word_1_203' title='bbox 347 1679 463 1715; x_wconf 88' lang='lat' dir='ltr'><strong>Auct.</strong></span> <span class='ocrx_word' id='word_1_204' title='bbox 490 1678 523 1721; x_wconf 91' lang='lat' dir='ltr'><strong>I,</strong></span> <span class='ocrx_word' id='word_1_205' title='bbox 551 1682 584 1721; x_wconf 88' lang='lat'><strong>3,</strong></span> <span class='ocrx_word' id='word_1_206' title='bbox 611 1682 651 1722; x_wconf 89' lang='lat'><strong>4;</strong></span> <span class='ocrx_word' id='word_1_207' title='bbox 690 1678 745 1721; x_wconf 93' lang='lat' dir='ltr'><strong>II,</strong></span> <span class='ocrx_word' id='word_1_208' title='bbox 773 1681 831 1721; x_wconf 88' lang='lat'><strong>30,</strong></span> <span class='ocrx_word' id='word_1_209' title='bbox 858 1681 917 1714; x_wconf 84' lang='lat'>47.</span> <span class='ocrx_word' id='word_1_210' title='bbox 965 1678 1097 1721; x_wconf 82' lang='lat' dir='ltr'><strong>Quint.</strong></span> <span class='ocrx_word' id='word_1_211' title='bbox 1123 1678 1155 1714; x_wconf 92' lang='lat'><strong>1.</strong></span> <span class='ocrx_word' id='word_1_212' title='bbox 1182 1679 1227 1715; x_wconf 93' lang='grc' dir='ltr'><strong>Ο.</strong></span> <span class='ocrx_word' id='word_1_213' title='bbox 1253 1678 1321 1721; x_wconf 93' lang='lat' dir='ltr'><strong>VI,</strong></span> <span class='ocrx_word' id='word_1_214' title='bbox 1352 1681 1456 1715; x_wconf 84' lang='lat'>1—2.</span> 
     </span>
    </p>

    <p class='ocr_par' dir='ltr' id='par_1_8' title="bbox 347 1734 1775 1892">
     <span class='ocr_line' id='line_1_26' title="bbox 446 1734 1775 1783; baseline -0.002 -10"><span class='ocrx_word' id='word_1_215' title='bbox 446 1734 708 1773; x_wconf 83' lang='lat' dir='ltr'><strong>Conclusionis</strong></span> <span class='ocrx_word' id='word_1_216' title='bbox 737 1739 829 1772; x_wconf 89' lang='lat' dir='ltr'><strong>sunt</strong></span> <span class='ocrx_word' id='word_1_217' title='bbox 857 1736 930 1771; x_wconf 85' lang='lat' dir='ltr'><strong>hae</strong></span> <span class='ocrx_word' id='word_1_218' title='bbox 960 1739 1107 1782; x_wconf 83' lang='lat' dir='ltr'><strong>partes:</strong></span> <span class='ocrx_word' id='word_1_219' title='bbox 1137 1737 1389 1778; x_wconf 82' lang='lat' dir='ltr'><strong>enumeratio,</strong></span> <span class='ocrx_word' id='word_1_220' title='bbox 1420 1735 1673 1783; x_wconf 74' lang='lat' dir='ltr'><strong>amplificatio</strong></span> <span class='ocrx_word' id='word_1_221' title='bbox 1704 1736 1775 1780; x_wconf 88' lang='lat' dir='ltr'><strong>(in-</strong></span> 
     </span>
     <span class='ocr_line' id='line_1_27' title="bbox 347 1792 1775 1840; baseline 0 -11"><span class='ocrx_word' id='word_1_222' title='bbox 347 1794 550 1840; x_wconf 84' lang='lat' dir='ltr'><strong>dignatio),</strong></span> <span class='ocrx_word' id='word_1_223' title='bbox 589 1793 815 1839; x_wconf 86' lang='lat' dir='ltr'><strong>conquestio</strong></span> <span class='ocrx_word' id='word_1_224' title='bbox 856 1793 1178 1838; x_wconf 83' lang='lat' dir='ltr'><strong>(commiseratio).</strong></span> <span class='ocrx_word' id='word_1_225' title='bbox 1256 1793 1303 1829; x_wconf 90' lang='lat' dir='ltr'><strong>In</strong></span> <span class='ocrx_word' id='word_1_226' title='bbox 1342 1793 1526 1830; x_wconf 80' lang='lat' dir='ltr'><strong>orationis</strong></span> <span class='ocrx_word' id='word_1_227' title='bbox 1564 1792 1775 1829; x_wconf 76' lang='lat' dir='ltr'><strong>Balbianae</strong></span> 
     </span>
     <span class='ocr_line' id='line_1_28' title="bbox 348 1849 1774 1892; baseline -0.001 -5"><span class='ocrx_word' id='word_1_228' title='bbox 348 1850 591 1887; x_wconf 89' lang='lat' dir='ltr'><strong>conclusione</strong></span> <span class='ocrx_word' id='word_1_229' title='bbox 615 1849 745 1887; x_wconf 88' lang='lat' dir='ltr'><strong>Cicero</strong></span> <span class='ocrx_word' id='word_1_230' title='bbox 767 1850 887 1886; x_wconf 88' lang='lat' dir='ltr'><strong>verba</strong></span> <span class='ocrx_word' id='word_1_231' title='bbox 910 1850 1005 1885; x_wconf 83' lang='lat' dir='ltr'><strong>facit</strong></span> <span class='ocrx_word' id='word_1_232' title='bbox 1027 1850 1076 1885; x_wconf 91' lang='lat' dir='ltr'><strong>de</strong></span> <span class='ocrx_word' id='word_1_233' title='bbox 1099 1854 1263 1892; x_wconf 88' lang='lat' dir='ltr'><strong>oratore,</strong></span> <span class='ocrx_word' id='word_1_234' title='bbox 1287 1862 1364 1892; x_wconf 91' lang='lat' dir='ltr'><strong>reo,</strong></span> <span class='ocrx_word' id='word_1_235' title='bbox 1389 1850 1621 1892; x_wconf 80' lang='lat' dir='ltr'><strong>adversario,</strong></span> <span class='ocrx_word' id='word_1_236' title='bbox 1645 1861 1774 1892; x_wconf 77' lang='lat' dir='ltr'><strong>causa,</strong></span> 
     </span>
    </p>
   </div>
   <div class='ocr_carea' id='block_1_5' title="bbox 292 1906 1775 1954">
    <p class='ocr_par' dir='ltr' id='par_1_9' title="bbox 292 1906 1775 1954">
     <span class='ocr_line' id='line_1_29' title="bbox 292 1906 1775 1954; baseline 0 -11"><span class='ocrx_word' id='word_1_237' title='bbox 292 1922 294 1924; x_wconf 95' lang='lat'>·</span> <span class='ocrx_word' id='word_1_238' title='bbox 347 1908 559 1950; x_wconf 90' lang='lat' dir='ltr'><strong>iudicibus;</strong></span> <span class='ocrx_word' id='word_1_239' title='bbox 584 1910 688 1943; x_wconf 86' lang='lat' dir='ltr'><strong>recte</strong></span> <span class='ocrx_word' id='word_1_240' title='bbox 705 1906 976 1942; x_wconf 88' lang='lat' dir='ltr'><strong>Preiswerkius</strong></span> <span class='ocrx_word' id='word_1_241' title='bbox 990 1909 1123 1943; x_wconf 90' lang='lat' dir='ltr'><strong>monet</strong></span> <span class='ocrx_word' id='word_1_242' title='bbox 1139 1908 1214 1953; x_wconf 89' lang='lat'>(14)</span> <span class='ocrx_word' id='word_1_243' title='bbox 1242 1918 1366 1954; x_wconf 78' lang='lat' dir='ltr'><strong>„quae</strong></span> <span class='ocrx_word' id='word_1_244' title='bbox 1389 1907 1651 1954; x_wconf 87' lang='lat' dir='ltr'><strong>perorationes</strong></span> <span class='ocrx_word' id='word_1_245' title='bbox 1667 1917 1775 1954; x_wconf 78' lang='lat' dir='ltr'><strong>prae-</strong></span> 
     </span>
    </p>
   </div>
   <div class='ocr_carea' id='block_1_6' title="bbox 346 1964 1778 2469">
    <p class='ocr_par' dir='ltr' id='par_1_10' title="bbox 346 1964 1269 2011">
     <span class='ocr_line' id='line_1_30' title="bbox 346 1964 1269 2011; baseline -0.003 -9"><span class='ocrx_word' id='word_1_246' title='bbox 346 1966 442 2002; x_wconf 90' lang='lat' dir='ltr'><strong>bent</strong></span> <span class='ocrx_word' id='word_1_247' title='bbox 468 1964 644 2001; x_wconf 89' lang='lat' dir='ltr'><strong>similiter</strong></span> <span class='ocrx_word' id='word_1_248' title='bbox 669 1965 903 2011; x_wconf 77' lang='lat' dir='ltr'><strong>compositas</strong></span> <span class='ocrx_word' id='word_1_249' title='bbox 928 1968 1048 2010; x_wconf 86' lang='lat' dir='ltr'><strong>atque</strong></span> <span class='ocrx_word' id='word_1_250' title='bbox 1072 1964 1269 2000; x_wconf 86' lang='lat' dir='ltr'><strong>exordia“.</strong></span> 
     </span>
    </p>

    <p class='ocr_par' dir='ltr' id='par_1_11' title="bbox 346 2021 1778 2469">
     <span class='ocr_line' id='line_1_31' title="bbox 445 2021 1776 2068; baseline -0.002 -10"><span class='ocrx_word' id='word_1_251' title='bbox 445 2022 789 2058; x_wconf 84' lang='lat' dir='ltr'><strong>Enumerationem</strong></span> <span class='ocrx_word' id='word_1_252' title='bbox 825 2021 1014 2057; x_wconf 87' lang='lat' dir='ltr'><strong>habemus</strong></span> <span class='ocrx_word' id='word_1_253' title='bbox 1051 2021 1090 2057; x_wconf 94' lang='lat' dir='ltr'><strong>in</strong></span> <span class='ocrx_word' id='word_1_254' title='bbox 1126 2022 1143 2067; x_wconf 85' lang='lat'><strong>§</strong></span> <span class='ocrx_word' id='word_1_255' title='bbox 1181 2023 1240 2063; x_wconf 90' lang='grc'><strong>64,</strong></span> <span class='ocrx_word' id='word_1_256' title='bbox 1278 2021 1346 2057; x_wconf 92' lang='lat' dir='ltr'><strong>ubi</strong></span> <span class='ocrx_word' id='word_1_257' title='bbox 1383 2024 1510 2057; x_wconf 87' lang='lat' dir='ltr'><strong>cetera</strong></span> <span class='ocrx_word' id='word_1_258' title='bbox 1547 2024 1776 2068; x_wconf 74' lang='lat' dir='ltr'><strong>argumenta</strong></span> 
     </span>
     <span class='ocr_line' id='line_1_32' title="bbox 346 2078 1775 2125; baseline -0.001 -10"><span class='ocrx_word' id='word_1_259' title='bbox 346 2079 477 2116; x_wconf 89' lang='lat' dir='ltr'><strong>Cicero</strong></span> <span class='ocrx_word' id='word_1_260' title='bbox 495 2080 644 2115; x_wconf 91' lang='lat' dir='ltr'><strong>omittit</strong></span> <span class='ocrx_word' id='word_1_261' title='bbox 660 2082 779 2125; x_wconf 88' lang='lat' dir='ltr'><strong>atque</strong></span> <span class='ocrx_word' id='word_1_262' title='bbox 799 2089 888 2121; x_wconf 87' lang='lat' dir='ltr'><strong>„eos</strong></span> <span class='ocrx_word' id='word_1_263' title='bbox 904 2081 1062 2114; x_wconf 80' lang='lat' dir='ltr'><strong>tantum</strong></span> <span class='ocrx_word' id='word_1_264' title='bbox 1078 2079 1182 2114; x_wconf 88' lang='lat' dir='ltr'><strong>viros</strong></span> <span class='ocrx_word' id='word_1_265' title='bbox 1197 2081 1411 2121; x_wconf 83' lang='lat' dir='ltr'><strong>enumerat,</strong></span> <span class='ocrx_word' id='word_1_266' title='bbox 1430 2089 1594 2125; x_wconf 89' lang='lat' dir='ltr'><strong>quorum</strong></span> <span class='ocrx_word' id='word_1_267' title='bbox 1609 2078 1775 2114; x_wconf 85' lang='lat' dir='ltr'><strong>auctori-</strong></span> 
     </span>
     <span class='ocr_line' id='line_1_33' title="bbox 346 2134 1776 2183; baseline -0.001 -10"><span class='ocrx_word' id='word_1_268' title='bbox 346 2141 431 2173; x_wconf 88' lang='lat' dir='ltr'><strong>tate</strong></span> <span class='ocrx_word' id='word_1_269' title='bbox 469 2137 509 2173; x_wconf 93' lang='lat' dir='ltr'><strong>in</strong></span> <span class='ocrx_word' id='word_1_270' title='bbox 548 2136 883 2183; x_wconf 89' lang='lat' dir='ltr'><strong>argumentatione</strong></span> <span class='ocrx_word' id='word_1_271' title='bbox 915 2136 1022 2171; x_wconf 90' lang='lat' dir='ltr'><strong>nisus</strong></span> <span class='ocrx_word' id='word_1_272' title='bbox 1049 2135 1173 2172; x_wconf 86' lang='lat' dir='ltr'><strong>erat“.</strong></span> <span class='ocrx_word' id='word_1_273' title='bbox 1229 2135 1367 2171; x_wconf 89' lang='lat' dir='ltr'><strong>Rohde</strong></span> <span class='ocrx_word' id='word_1_274' title='bbox 1398 2138 1478 2171; x_wconf 85' lang='lat'>134.</span> <span class='ocrx_word' id='word_1_275' title='bbox 1533 2134 1776 2171; x_wconf 82' lang='lat' dir='ltr'><strong>Auxiliorum</strong></span> 
     </span>
     <span class='ocr_line' id='line_1_34' title="bbox 346 2185 1776 2241; baseline -0.001 -11"><span class='ocrx_word' id='word_1_276' title='bbox 346 2195 430 2230; x_wconf 83' lang='lat' dir='ltr'><strong>vice</strong></span> <span class='ocrx_word' id='word_1_277' title='bbox 456 2194 672 2241; x_wconf 79' lang='lat' dir='ltr'><strong>funguntur</strong></span> <span class='ocrx_word' id='word_1_278' title='bbox 696 2192 916 2228; x_wconf 85' lang='lat' dir='ltr'><strong>amicissimi</strong></span> <span class='ocrx_word' id='word_1_279' title='bbox 940 2192 1104 2229; x_wconf 91' lang='lat' dir='ltr'><strong>nobiles:</strong></span> <span class='ocrx_word' id='word_1_280' title='bbox 1152 2193 1358 2240; x_wconf 86' lang='lat' dir='ltr'><strong>Pompeius</strong></span> <span class='ocrx_word' id='word_1_281' title='bbox 1387 2194 1405 2239; x_wconf 67' lang='grc' dir='ltr'><strong>ξ</strong></span> <span class='ocrx_word' id='word_1_282' title='bbox 1430 2196 1477 2229; x_wconf 84' lang='grc'><strong>69</strong></span> <span class='ocrx_word' id='word_1_283' title='bbox 1502 2204 1532 2229; x_wconf 89' lang='lat' dir='ltr'><strong>s.</strong></span> <span class='ocrx_word' id='word_1_284' title='bbox 1551 2185 1589 2229; x_wconf 69' lang='lat' dir='ltr'><strong>f.&#39;</strong></span> <span class='ocrx_word' id='word_1_285' title='bbox 1637 2192 1776 2230; x_wconf 74' lang='lat' dir='ltr'><strong>Caesar</strong></span> 
     </span>
     <span class='ocr_line' id='line_1_35' title="bbox 348 2250 1776 2297; baseline -0.001 -11"><span class='ocrx_word' id='word_1_286' title='bbox 348 2253 383 2297; x_wconf 62' lang='grc' dir='ltr'><strong>ἓξ</strong></span> <span class='ocrx_word' id='word_1_287' title='bbox 414 2251 513 2297; x_wconf 89' lang='grc'><strong>6314.</strong></span> <span class='ocrx_word' id='word_1_288' title='bbox 572 2251 631 2286; x_wconf 91' lang='lat' dir='ltr'><strong>De</strong></span> <span class='ocrx_word' id='word_1_289' title='bbox 661 2262 730 2286; x_wconf 87' lang='lat' dir='ltr'><strong>sua</strong></span> <span class='ocrx_word' id='word_1_290' title='bbox 759 2251 878 2297; x_wconf 87' lang='lat' dir='ltr'><strong>ipsius</strong></span> <span class='ocrx_word' id='word_1_291' title='bbox 907 2251 1140 2286; x_wconf 84' lang='lat' dir='ltr'><strong>auctoritate</strong></span> <span class='ocrx_word' id='word_1_292' title='bbox 1168 2250 1341 2297; x_wconf 87' lang='lat' dir='ltr'><strong>loquitur</strong></span> <span class='ocrx_word' id='word_1_293' title='bbox 1369 2251 1409 2286; x_wconf 92' lang='lat' dir='ltr'><strong>in</strong></span> <span class='ocrx_word' id='word_1_294' title='bbox 1436 2251 1454 2296; x_wconf 79' lang='lat'><strong>§</strong></span> <span class='ocrx_word' id='word_1_295' title='bbox 1484 2252 1547 2292; x_wconf 92' lang='grc'><strong>60;</strong></span> <span class='ocrx_word' id='word_1_296' title='bbox 1590 2250 1639 2285; x_wconf 89' lang='lat' dir='ltr'><strong>de</strong></span> <span class='ocrx_word' id='word_1_297' title='bbox 1667 2261 1708 2285; x_wconf 86' lang='lat' dir='ltr'><strong>se</strong></span> <span class='ocrx_word' id='word_1_298' title='bbox 1735 2250 1776 2285; x_wconf 90' lang='lat' dir='ltr'><strong>in</strong></span> 
     </span>
     <span class='ocr_line' id='line_1_36' title="bbox 347 2306 1775 2354; baseline -0.001 -11"><span class='ocrx_word' id='word_1_299' title='bbox 347 2310 381 2354; x_wconf 61' lang='grc' dir='ltr'><strong>ξς</strong></span> <span class='ocrx_word' id='word_1_300' title='bbox 409 2308 533 2354; x_wconf 90' lang='grc'><strong>60162.</strong></span> <span class='ocrx_word' id='word_1_301' title='bbox 586 2307 645 2342; x_wconf 89' lang='lat' dir='ltr'><strong>De</strong></span> <span class='ocrx_word' id='word_1_302' title='bbox 670 2319 735 2342; x_wconf 89' lang='lat' dir='ltr'><strong>reo</strong></span> <span class='ocrx_word' id='word_1_303' title='bbox 762 2307 880 2342; x_wconf 87' lang='lat' dir='ltr'><strong>verba</strong></span> <span class='ocrx_word' id='word_1_304' title='bbox 907 2307 1000 2343; x_wconf 85' lang='lat' dir='ltr'><strong>facit</strong></span> <span class='ocrx_word' id='word_1_305' title='bbox 1016 2308 1050 2353; x_wconf 65' lang='grc' dir='ltr'><strong>ἓξ</strong></span> <span class='ocrx_word' id='word_1_306' title='bbox 1068 2308 1167 2354; x_wconf 88' lang='grc'><strong>6315,</strong></span> <span class='ocrx_word' id='word_1_307' title='bbox 1194 2307 1244 2343; x_wconf 90' lang='lat' dir='ltr'><strong>de</strong></span> <span class='ocrx_word' id='word_1_308' title='bbox 1260 2307 1480 2343; x_wconf 79' lang='lat' dir='ltr'><strong>adversario</strong></span> <span class='ocrx_word' id='word_1_309' title='bbox 1501 2308 1535 2353; x_wconf 58' lang='grc' dir='ltr'><strong>ἕξ</strong></span> <span class='ocrx_word' id='word_1_310' title='bbox 1554 2309 1600 2343; x_wconf 88' lang='grc'><strong>59</strong></span> <span class='ocrx_word' id='word_1_311' title='bbox 1616 2318 1647 2342; x_wconf 85' lang='grc' dir='ltr'><strong>ει.</strong></span> <span class='ocrx_word' id='word_1_312' title='bbox 1668 2306 1695 2342; x_wconf 84' lang='lat' dir='ltr'><strong>f.</strong></span> <span class='ocrx_word' id='word_1_313' title='bbox 1716 2308 1775 2348; x_wconf 92' lang='grc'><strong>60,</strong></span> 
     </span>
     <span class='ocr_line' id='line_1_37' title="bbox 347 2363 1778 2412; baseline -0.001 -11"><span class='ocrx_word' id='word_1_314' title='bbox 347 2365 397 2401; x_wconf 89' lang='lat' dir='ltr'><strong>de</strong></span> <span class='ocrx_word' id='word_1_315' title='bbox 431 2376 548 2401; x_wconf 87' lang='lat' dir='ltr'><strong>causa</strong></span> <span class='ocrx_word' id='word_1_316' title='bbox 583 2365 617 2410; x_wconf 61' lang='grc' dir='ltr'><strong>ἓξ</strong></span> <span class='ocrx_word' id='word_1_317' title='bbox 644 2364 743 2411; x_wconf 83' lang='grc'><strong>6415,</strong></span> <span class='ocrx_word' id='word_1_318' title='bbox 770 2364 904 2400; x_wconf 88' lang='lat' dir='ltr'><strong>iisdem</strong></span> <span class='ocrx_word' id='word_1_319' title='bbox 930 2365 970 2400; x_wconf 92' lang='lat' dir='ltr'><strong>in</strong></span> <span class='ocrx_word' id='word_1_320' title='bbox 995 2365 1257 2412; x_wconf 80' lang='lat' dir='ltr'><strong>paragraphis,</strong></span> <span class='ocrx_word' id='word_1_321' title='bbox 1283 2364 1495 2400; x_wconf 88' lang='lat' dir='ltr'><strong>identidem</strong></span> <span class='ocrx_word' id='word_1_322' title='bbox 1518 2366 1535 2410; x_wconf 83' lang='lat'><strong>§</strong></span> <span class='ocrx_word' id='word_1_323' title='bbox 1562 2366 1608 2400; x_wconf 90' lang='grc'><strong>60</strong></span> <span class='ocrx_word' id='word_1_324' title='bbox 1633 2363 1778 2399; x_wconf 85' lang='lat' dir='ltr'><strong>iudices</strong></span> 
     </span>
     <span class='ocr_line' id='line_1_38' title="bbox 350 2422 576 2469; baseline -0.004 -11"><span class='ocrx_word' id='word_1_325' title='bbox 350 2422 576 2469; x_wconf 86' lang='lat' dir='ltr'><strong>alloquitur.</strong></span> 
     </span>
    </p>
   </div>
   <div class='ocr_carea' id='block_1_7' title="bbox 353 2496 582 2500">
    <p class='ocr_par' dir='ltr' id='par_1_12' title="bbox 353 2496 582 2500">
     <span class='ocr_line' id='line_1_39' title="bbox 353 2496 582 2500; baseline 0 0"><span class='ocrx_word' id='word_1_326' title='bbox 353 2496 582 2500; x_wconf 95' lang='lat' dir='ltr'><strong> </strong></span> 
     </span>
    </p>
   </div>
   <div class='ocr_carea' id='block_1_8' title="bbox 457 2522 835 2560">
    <p class='ocr_par' dir='ltr' id='par_1_13' title="bbox 457 2522 835 2560">
     <span class='ocr_line' id='line_1_40' title="bbox 457 2522 835 2560; baseline -0.005 -8"><span class='ocrx_word' id='word_1_327' title='bbox 457 2522 481 2560; x_wconf 87' lang='lat'><strong>¹)</strong></span> <span class='ocrx_word' id='word_1_328' title='bbox 504 2522 628 2552; x_wconf 76' lang='lat' dir='ltr'><strong>Rohde</strong></span> <span class='ocrx_word' id='word_1_329' title='bbox 654 2522 835 2551; x_wconf 85' lang='lat'>121-131.</span> 
     </span>
    </p>
   </div>
  </div>
 </body>
</html>
