1965 3015
876 127 1116 164 -16.-

280 225 373 271 ipsis
400 225 592 261 Ciceronis
619 226 748 262 verbis
776 227 1051 275 indignationis
1078 226 1200 275 plenis
1229 225 1295 273 (ad
1322 226 1407 263 Att.
1436 226 1489 270 X,
1523 230 1579 270 11,
1609 230 1633 263 4
1658 249 1710 257 -

280 282 319 318 d.
350 284 374 317 4
401 282 492 318 mai.
523 285 601 335 49),:
645 284 815 321 etiamne
854 284 1002 322 Balbus
1040 286 1080 322 in
1119 286 1298 321 senatum
1336 284 1466 320 venire
1505 285 1650 331 cogitet
1662 286 1709 330 2¹)

280 339 349 375 Vir
372 338 619 376 doctissimus
644 340 690 377 Ο.
717 340 763 376 Ε.
793 341 970 378 Schmidt
994 343 1034 379 in
1058 342 1145 378 libri
1171 341 1242 384 sui,
1268 341 1335 388 qui
1358 340 1583 377 inscribitur-
1605 339 1711 385 „Der

280 395 549 433 Briefweehsel
571 397 640 433 des
663 396 716 434 M.
742 396 890 434 Tullius
913 397 1084 442 Cicero“‚
1109 411 1149 447 p.
1178 402 1259 442 177,
1284 410 1373 436 cum
1396 410 1443 435 ea
1465 409 1514 434 ex
1537 398 1710 435 irrisione

281 453 452 501 quadam
485 457 573 491 orta
605 466 688 491 esse
721 458 836 502 putet
876 456 990 499 irata,
1024 467 1114 492 eum
1167 460 1384 493 senatorem
1415 455 1533 492 fuisse
1566 458 1708 492 censet.

278 511 410 558 Atque
436 523 494 555 ea,
514 522 614 559 quae
639 513 700 549 vir
724 511 864 549 doctus
889 514 1091 561 proposuit
1119 514 1313 556 „etiamne
1333 514 1484 560 (minor)
1503 512 1651 549 Balbus
1669 513 1710 549 in

281 571 462 606 senatum
485 570 616 606 venire
642 570 828 617 oogitat“,
854 570 1062 607 refellenda
1087 573 1197 614 sunt;
1222 583 1315 608 nam
1334 570 1480 607 Balbus
1498 569 1561 606 ille
1585 569 1711 606 minor

280 629 375 662 tunc
401 627 525 674 magis
548 630 633 663 erat
658 628 820 670 iuvenis,
848 639 966 674 quam
990 630 1036 664 ut
1057 627 1198 664 Caesar
1222 628 1262 664 in
1287 628 1418 665 animo
1439 627 1599 664 haberet
1619 637 1710 663 eum

283 686 501 719 senatorem
526 684 652 720 facere
680 684 743 729 (cf.
773 684 982 731 Groagium
1007 684 1056 720 R.
1083 684 1129 720 E.
1157 684 1225 727 IV,
1256 687 1362 728 1269,
1388 683 1496 730 ²⁹³³).

380 740 528 775 Romae
553 743 647 776 tunc
673 740 956 776 clandestinum
983 740 1128 776 bellum
1153 741 1327 777 omnium
1351 741 1550 777 saeviebat
1574 743 1711 776 contra

282 807 427 832 omnes.
467 795 675 843 Pompeius
700 808 833 832 omnes
852 795 1024 834 Caesaris
1048 797 1289 833 adversarios
1315 797 1365 833 ab
1392 797 1612 834 hominibus
1636 797 1709 833 sibi

281 852 436 896 deditis,
481 853 669 900 imprimis
701 865 725 890 a
756 852 911 891 Metello
957 854 1134 902 Scipione
1177 865 1307 891 socero
1344 866 1426 898 suo,
1459 853 1711 902 impellendos

280 910 463 952 faciebat,
483 914 529 946 ut
549 910 658 947 iHum
675 923 695 946 e
715 912 915 958 provincia
932 915 1171 954 revocarent,
1195 923 1273 959 qua
1287 923 1328 947 re
1341 912 1526 954 omnium,
1545 922 1710 959 quorum

281 970 369 1004 tum
411 967 579 1005 florebat
621 969 845 1013 auctoritas,
888 973 1093 1018 tantopere
1129 970 1460 1017 perturbabantur
1490 969 1621 1012 animi,
1663 973 1710 1005 ut

282 1025 408 1061 Balbo
434 1029 674 1074 quantopere
698 1030 855 1074 poterat
880 1039 997 1074 opera
1021 1027 1152 1063 danda
1176 1030 1290 1070 esset,
1316 1029 1362 1063 ut
1387 1026 1539 1062 sedaret
1564 1025 1709 1062 tumul-

283 1086 371 1119 tum
389 1082 664 1131 videreturque
689 1085 770 1131 ipse
794 1085 942 1121 neutris
966 1084 1144 1132 partibus
1169 1084 1348 1121 addictus
1373 1084 1711 1131 inter-nuntiusque

281 1141 428 1187 probus
441 1144 483 1177 et
495 1141 654 1188 integer.
683 1140 800 1178 Cuius
814 1145 1052 1189 quantopere
1065 1142 1185 1178 etiam
1197 1145 1284 1178 tum
1297 1141 1472 1177 floruerit
1485 1140 1709 1183 auctoritas,

283 1196 346 1233 vel
360 1209 409 1233 ex
424 1197 484 1234 his
498 1198 624 1234 tribus
638 1199 753 1235 rebus
767 1198 1095 1247 intellegitur,una
1124 1199 1229 1246 quod
1245 1198 1478 1245 querebatur
1495 1198 1710 1245 Scipionem

282 1254 434 1290 senatui
448 1254 615 1302 proximi
630 1255 722 1291 anni
737 1255 828 1292 Kal.
844 1255 995 1292 Martiis
1008 1256 1057 1292 de
1076 1255 1183 1292 nulla
1197 1267 1238 1291 re
1251 1255 1326 1291 nisi
1340 1255 1389 1291 de
1407 1254 1531 1292 Gallia
1544 1258 1711 1301 utraque

282 1310 560 1347 consulendum
593 1323 674 1347 esse
707 1311 883 1358 tulisse²)‚
918 1312 1039 1348 altera
1073 1312 1178 1359 quod
1210 1323 1313 1348 anno
1348 1314 1395 1348 50
1425 1311 1632 1355 nobilibus,
1664 1314 1711 1347 ut

281 1367 334 1404 M.
356 1367 481 1405 Tullio
506 1368 827 1416 supplicationem
853 1369 1118 1412 concederent,
1157 1368 1429 1416 persuadebat,
1469 1368 1586 1405 tertia
1606 1368 1712 1415 quod

282 1425 486 1462 Curionem
518 1426 719 1463 tribunum
751 1426 874 1473 plebis
906 1426 1141 1474 impellebat,
1173 1438 1223 1463 ne
1254 1426 1402 1462 diutius
1429 1425 1483 1461 illi
1506 1425 1710 1472 rogationi,

283 1494 401 1529 quam
439 1483 556 1519 modo
591 1483 990 1527 commemoravimus,
1028 1482 1303 1531 repugnaret3).
1353 1482 1502 1519 Eodem
1537 1485 1711 1530 tempore

282 1540 451 1576 Balbum
484 1540 655 1578 Ciceroni
689 1542 728 1578 in
762 1542 877 1577 rebus
911 1541 1141 1588 pecuniariis
1185 1540 1366 1584 adfuisse,
1412 1540 1478 1587 qui
1524 1539 1712 1588 angustiis

283 1609 488 1644 oppressus
524 1598 575 1634 ab
612 1598 676 1634 illo
713 1602 892 1635 mutuam
929 1598 1095 1645 sumpsit
1130 1598 1347 1645 pecuniam,
1385 1596 1562 1634 concludi
1598 1608 1710 1644 posse

283 1654 457 1697 videtur;
492 1666 585 1691 nam
606 1655 659 1690 M.
682 1654 829 1691 Tullius
850 1656 1069 1698 verebatur,
1091 1667 1141 1692 ne
1163 1655 1320 1702 quando
1342 1655 1382 1691 in
1404 1657 1542 1691 senatu
1564 1653 1711 1690 Balbus

284 1712 384 1748 hanc
409 1723 433 1747 a
457 1723 497 1747 se
520 1715 711 1759 repeteret
734 1713 950 1759 pecuniam,
976 1713 1042 1759 qui
1065 1712 1200 1758 locus⁴)
1224 1713 1366 1749 iterum
1388 1723 1459 1760 pro
1483 1714 1711 1760 argumento

283 1769 418 1805 haberi
446 1772 578 1815 potest
606 1769 775 1805 Balbum
805 1781 1042 1816 quamquam
1069 1781 1149 1805 non
1177 1772 1394 1805 senatorem
1422 1772 1555 1805 tamen
1583 1767 1711 1804 curiae

283 1826 521 1870 interfuisse;
559 1826 723 1862 fortasse
760 1838 880 1874 prope
917 1839 942 1862 a
978 1830 1093 1873 porta
1130 1826 1290 1862 sedebat
1327 1826 1395 1868 ita,
1433 1829 1480 1861 ut
1504 1828 1711 1861 exeuntem

283 1883 504 1920 Ciceronem
530 1884 665 1920 statim
690 1887 821 1931 posset
846 1883 1002 1930 alloqui.

381 1941 470 1978 Una
484 1953 573 1977 cum
587 1940 748 1977 Caesare
762 1941 910 1977 Balbus
923 1941 1143 1977 Ciceronem
1157 1940 1337 1976 maximis
1348 1940 1484 1976 adibat
1498 1939 1709 1982 blanditiis,

282 2009 328 2034 eo
353 1998 488 2045 magis,
515 2009 592 2045 quo
617 1998 732 2034 citius
756 2009 803 2035 ea
819 2001 996 2046 tempora
1016 1996 1396 2046 appropinquabant,
1416 1996 1557 2044 quibus
1577 2008 1710 2035 omnes

282 2068 343 2092 res
357 2057 397 2091 in
411 2056 629 2091 discrimine
643 2056 796 2091 futuras
810 2067 891 2091 esse
905 2055 1150 2102 putabant⁵);
1167 2055 1274 2091 nullo
1288 2058 1421 2091 autem
1435 2054 1551 2090 modo
1566 2052 1709 2096 Cicer0‚

284 2113 350 2159 qui
375 2115 469 2149 tunc
496 2112 624 2148 Roma
646 2112 794 2155 aberat,
831 2112 1065 2149 commoveri
1094 2112 1238 2160 potuit,
1273 2114 1320 2149 ut
1355 2122 1401 2149 eo
1437 2113 1709 2148 reverteretur.

393 2188 417 2225 1)
431 2187 474 2217 In
486 2188 635 2219 editione
649 2187 849 2218 Purseriana
862 2188 1068 2218 adnotatum
1081 2190 1134 2218 est
1149 2187 1222 2225 (IV.
1240 2188 1312 2224 190)
1328 2186 1386 2222 „in
1400 2189 1558 2216 senatum
1570 2185 1708 2216 venire“

284 2234 313 2264 is
337 2237 396 2269 „to
417 2235 558 2264 become
579 2244 601 2264 a
623 2234 792 2264 senator“.

393 2281 417 2319 ²)
433 2282 480 2312 ad
494 2282 576 2311 fam.
593 2282 691 2316 VIII,
710 2283 740 2316 9,
759 2284 778 2311 5
795 2281 862 2319 (die
879 2282 930 2312 29.
947 2291 1023 2321 aug.
1042 2283 1110 2320 51):
1146 2304 1155 2313 .
1169 2304 1177 2313 .
1191 2304 1198 2312 .
1212 2304 1220 2312 .
1239 2281 1311 2321 ipse
1326 2284 1445 2312 tamen
1465 2298 1497 2303 —
1518 2280 1710 2311 referretur.

285 2328 511 2360 Contristavit
532 2329 615 2359 haec
643 2346 675 2350 —-
703 2331 863 2368 questum
883 2338 955 2359 esse
977 2338 1055 2360 cum
1079 2328 1243 2370 Scipione.

392 2377 417 2415 ³)
439 2377 485 2408 ad
507 2377 588 2407 fam.
613 2377 712 2411 VIII,
738 2378 788 2411 ll,
813 2378 847 2407 2:
882 2377 982 2406 Balbi
1004 2386 1138 2416 quoque
1164 2393 1197 2399 —
1223 2377 1379 2409 adduxit.

391 2425 416 2461 ⁴)
437 2424 484 2455 ad
504 2424 579 2454 Att.
602 2424 682 2458 VII,
706 2424 736 2459 3,
763 2425 798 2454 11
823 2423 905 2462 (iun.
930 2424 998 2461 50):
1021 2424 1110 2454 Puto
1136 2423 1266 2454 —iube
1287 2424 1384 2455 sodes
1405 2432 1564 2455 nummos
1586 2422 1708 2454 curari.
1761 2443 1779 2450 ,‚

391 2472 416 2512 ⁸)
438 2482 471 2503 v.
495 2482 521 2504 s.
556 2472 612 2504 ille
632 2472 717 2504 mihi
739 2472 869 2503 litteras
896 2489 928 2496 —
954 2471 1045 2504 idem
1065 2481 1127 2512 pro
1148 2480 1188 2502 eo
1209 2471 1348 2503 Balbus.
