1965 3015
720 153 959 192 ,41-

129 263 220 290 usos
235 264 328 293 esse.
369 253 553 291 Gaditani
568 254 686 303 igitur
700 254 742 291 in
758 253 910 291 foedere
926 253 1121 291 inferiores
1136 256 1261 297 erant,
1288 252 1393 301 quod
1408 252 1545 290 foedus

129 311 305 358 iniquum
318 312 544 349 vocabatur.
579 311 665 355 Quo
679 312 729 351 de
744 312 897 349 foedere
909 312 988 359 egit
999 310 1181 348 Karlowa
1196 311 1259 356 (R.
1272 311 1322 347 R.
1338 310 1431 354 G.1,
1445 313 1543 356 289).

133 367 413 405 Gaditanorum
426 368 564 406 civitas
576 369 694 416 igitur
705 371 790 404 erat
802 368 923 406 libera
935 372 976 405 et
988 368 1198 411 foederata,
1212 368 1286 403 etsi
1298 367 1453 404 foedere
1464 378 1545 404 non

129 435 265 471 aequo.
330 424 438 462 Aliae
470 424 649 463 civitates
680 425 813 472 aequis
843 425 1060 461 foederibus
1092 436 1181 461 cum
1213 424 1400 461 Romanis
1431 426 1544 460 erant

129 481 378 524 coniunctae,
406 493 439 517 e.
466 494 504 529 g.
531 481 729 529 Heraclea.
782 482 840 518 Of.
867 493 937 528 pro
971 482 1114 518 Archia
1147 481 1215 524 IV,
1245 484 1285 517 ὃς
1319 493 1419 528 quae
1452 493 1544 519 cum

128 540 229 574 esset
243 538 382 576 civitas
397 537 640 584 aequissumo
655 538 736 574 iure
749 549 794 575 ao
809 537 973 574 foedere.
1007 538 1055 574 In
1071 537 1136 574 illa
1151 538 1306 575 foedera
1318 550 1365 574 ea
1378 537 1545 575 formula

129 594 322 630 sollemnis
347 606 428 631 non
454 597 609 641 recepta
636 605 718 629 esse
745 594 912 631 videtur.
968 594 1122 631 Addam
1148 595 1288 638 locum,
1318 596 1385 642 qui
1412 598 1544 631 exstat

129 651 170 687 in
202 650 371 698 Digestis
405 650 484 696 (IL,
523 653 580 694 15,
610 653 657 696 7),
692 662 770 697 quo
800 650 886 690 loco
917 651 1101 688 Proculus
1132 646 1214 700 agit
1243 652 1294 688 de
1325 652 1544 689 foederibus

128 706 262 754 aequis
294 710 413 754 atque
445 707 603 754 iniquis:
648 708 762 744 Liber
791 711 923 745 autem
952 708 1118 755 populus
1141 709 1173 744 is
1196 713 1268 752 est,
1311 710 1377 756 qui
1401 708 1544 745 nullius

128 763 286 803 alterius
316 763 449 813 populi
480 764 667 811 potestati
697 768 758 801 est
789 764 983 801 subiectus
1014 765 1094 802 sive
1126 766 1192 812 qui
1211 766 1439 802 foederatus
1469 769 1542 808 est,

128 821 223 857 item
253 820 336 856 sive
364 831 489 867 aequo
518 821 670 857 foedere
699 821 740 857 in
770 821 980 857 amicitiam
1009 821 1119 858 venit
1147 822 1229 857 sive
1258 822 1411 858 foedere
1440 833 1544 857 com-

127 877 359 925 prehensum
380 880 452 921 est,
475 880 523 914 ut
544 878 577 914 is
598 877 764 926 populus
785 878 942 915 alterius
962 877 1096 926 populi
1118 878 1362 915 maiestatem
1384 879 1545 915 comiter

128 937 384 971 conservaret.
434 935 639 971 Proculum
673 936 791 982 igitur
825 935 1004 972 civitates
1032 936 1114 971 sive
1138 946 1263 981 aequo
1286 926 1439 971 foedere
1463 935 1544 971 sive

128 991 261 1039 iniquo
285 992 510 1031 coniunctas
532 991 671 1031 liberas
694 1003 776 1029 esse
799 992 976 1030 videmus
999 992 1147 1029 docere.

226 1049 288 1084 Ex
311 1049 455 1096 populo
479 1049 677 1086 foederato
701 1053 902 1086 accusator
925 1052 1136 1096 negaverat
1161 1050 1246 1094 (pro
1271 1049 1319 1084 B.
1344 1048 1457 1090 VIII,
1488 1051 1546 1093 19)

128 1116 363 1153 quemquam
394 1105 519 1143 civem
550 1116 661 1153 posse
692 1105 777 1142 fieri
809 1106 1043 1148 Romanum,
1075 1104 1150 1142 nisi
1182 1104 1215 1140 is
1246 1104 1412 1153 populus
1447 1105 1486 1151 (i.
1511 1115 1546 1141 e.

128 1162 267 1199 civitas
290 1163 501 1209 foederata)
520 1163 665 1200 fundus
687 1163 816 1199 faetus
838 1166 951 1199 esset.
994 1162 1212 1207 Quaeritur,
1238 1174 1316 1208 qua
1339 1163 1380 1198 vi
1403 1163 1548 1199 fundus

128 1220 201 1255 hoc
226 1219 311 1255 loco
335 1219 486 1255 dictum
510 1219 574 1255 sit.
626 1218 816 1264 Fundusl)
841 1230 911 1266 per
935 1229 976 1254 se
1001 1221 1061 1254 est
1088 1218 1252 1262 „Grund
1276 1218 1358 1255 und
1384 1218 1547 1256 Boden“

128 1276 209 1312 sive
244 1276 348 1313 vasis
382 1277 464 1313 sive
492 1275 578 1313 loci.
629 1274 686 1313 of.
712 1276 789 1313 Cio.
814 1287 886 1323 pro
910 1275 1060 1313 Cluent.
1088 1277 1151 1311 64:
1188 1275 1355 1311 Armarii
1379 1275 1545 1312 fundum

128 1333 310 1368 exsecuit.
389 1333 487 1368 Plin.
530 1335 564 1374 3,
605 1335 665 1374 20,
707 1335 746 1368 8:
803 1332 927 1371 amnis
965 1332 1087 1368 fundo
1125 1342 1270 1367 carens.
1338 1330 1544 1373 Tralaticio

128 1400 242 1425 sensu
264 1389 338 1425 hoc
361 1388 594 1425 vocabulum
618 1387 781 1426 Plautus
803 1387 962 1425 exhibet
987 1386 1105 1434 (Trin.
1130 1387 1178 1431 V,
1208 1390 1239 1431 l,
1267 1390 1314 1424 60
1328 1390 1445 1436 sqq.):

225 1455 338 1492 Nunc
373 1456 467 1492 mihi
496 1457 529 1491 is
551 1467 711 1502 propere
736 1455 1020 1492 conveniendus
1043 1459 1117 1497 est,
1154 1458 1201 1490 ut
1226 1466 1326 1500 quae
1351 1467 1440 1491 cum
1461 1456 1544 1491 eius

273 1511 355 1548 filio

225 1570 310 1617 Egi,
335 1570 370 1605 ei
393 1570 448 1605 rei
471 1569 615 1606 fundus
639 1572 751 1616 pater
774 1570 826 1605 sit
849 1569 988 1616 potior.

227 1626 438 1669 „Funduff‘
461 1626 524 1662 hic
546 1629 607 1662 est
629 1626 675 1669 is,
701 1626 768 1673 qui
791 1625 922 1662 omnia
944 1628 985 1661 et
1008 1625 1214 1661 commoda
1236 1628 1278 1661 et
1301 1625 1547 1662 incommoda

130 1684 180 1719 ab
213 1683 344 1730 aliquo
385 1684 540 1720 homine
566 1682 624 1719 'in
667 1695 708 1719 se
743 1683 891 1730 recipit.
965 1682 1114 1719 Eodem
1147 1694 1261 1718 sensu
1297 1682 1441 1719 Gellius
1472 1684 1546 1719 hoc

131 1739 327 1783 „fundus“
361 1740 522 1776 adhibet
555 1739 605 1776 N.
623 1739 671 1776 A.
698 1739 813 1782 XIX,
842 1742 882 1776 8:
915 1739 1007 1776 Sed
1036 1738 1131 1775 haec
1156 1750 1240 1787 ego,
1274 1739 1414 1787 inquit,
1451 1739 1546 1783 dixi,

127 1809 206 1834 non
233 1800 281 1833 ut
308 1797 423 1833 huius
450 1796 665 1833 sententiae
679 1796 861 1844 legisque
888 1796 1034 1833 fundus
1061 1796 1374 1844 subscriptorque
1400 1797 1547 1841 fierem,

128 1854 196 1890 sed
206 1857 254 1890 ut
270 1865 320 1890 ne
337 1853 509 1891 Caesaris
525 1853 600 1890 viri
618 1853 725 1890 docti
744 1854 965 1901 opinionem
979 1848 1272 1899 ἀπαραμύθητον
1283 1853 1547 1890 destituerem.

224 1920 410 1957 Videmus
433 1919 680 1968 vocabulum,
712 1920 817 1966 quod
841 1931 911 1967 per
940 1931 983 1955 se
1011 1920 1176 1955 refertur
1196 1920 1248 1955 ad
1269 1931 1341 1962 res,
1372 1920 1547 1956 adhiberi

128 1977 177 2013 de
205 1977 388 2024 personis.
445 1977 531 2013 Iam
559 1988 676 2024 supra
702 1976 797 2020 dixi,
827 1988 927 2023 quae
953 1976 1014 2012 vis
1038 1980 1141 2012 esset
1167 1975 1347 2012 vocabuli
1374 1976 1478 2013 huno
1506 1977 1546 2013 in

128 2034 288 2071 modum
313 2033 490 2070 adhibiti.
542 2034 751 2080 Praecipue
775 2036 908 2070 autem
933 2033 1005 2069 hoo
1030 2032 1263 2069 vocabulum
1288 2033 1548 2070 adhibebatur

131 2147 347 2187 intellegatur
361 2147 508 2178 alterum
520 2157 592 2178 non
606 2156 678 2178 esse
694 2147 850 2178 liberum:
878 2150 914 2178 et
929 2155 1031 2187 quem
1044 2147 1090 2178 ad
1104 2146 1245 2178 modum
1260 2146 1397 2177 clientes
1411 2149 1546 2177 nostros

130 2194 354 2234 intellegimus
374 2195 495 2227 liheros
514 2204 596 2230 esse,
617 2195 751 2228 etiamsi
769 2203 880 2235 neque
897 2194 1102 2226 auctoritate
1120 2203 1230 2234 neque
1249 2193 1416 2233 dignitate
1433 2203 1546 2235 neque

131 2243 288 2282 virib[us]
305 2243 405 2274 nobis
422 2244 549 2284 p[ares]
567 2245 658 2279 sunt,
678 2243 726 2274 sic
744 2252 812 2278 eos,
831 2242 891 2283 qui
907 2243 1122 2274 maiestatem
1138 2245 1291 2273 nostram
1308 2241 1449 2273 comiter
1467 2252 1545 2273 eon-

130 2300 264 2322 servare
287 2290 425 2326 debent,
453 2291 574 2322 liberos
599 2300 671 2322 esse
696 2290 959 2329 intellegendum
983 2290 1067 2320 est“.
1120 2289 1250 2320 Eodem
1273 2290 1377 2320 modo
1405 2289 1547 2330 Gasquy

132 2339 178 2378 (p.
198 2339 250 2375 47)
265 2337 417 2377 profertz*
440 2338 670 2373 „Foederatae
685 2338 822 2377 quidem
837 2338 908 2368 iure
923 2337 1046 2368 liberae
1059 2336 1174 2367 sunt“.
1214 2336 1264 2367 cf.
1281 2337 1387 2367 etiam
1404 2337 1546 2376 Gasquy

132 2387 173 2415 47
186 2394 259 2424 sqq.

240 2433 264 2470 ¹)
285 2432 335 2463 cf.
357 2432 458 2463 Mart.
480 2433 579 2468 VIII,
603 2434 633 2468 6,
657 2434 676 2464 9
698 2433 753 2471 (de
774 2434 877 2471 vase),
903 2431 1027 2464 Gellius
1047 2432 1090 2462 N.
1113 2431 1153 2461 A.
1175 2430 1288 2465 XVII,
1312 2432 1332 2460 8
1354 2431 1410 2469 (de
1430 2431 1546 2471 aliqua

130 2483 228 2520 parte
247 2481 370 2518 cenae).
409 2480 458 2510 Of.
479 2480 597 2511 Hoche
614 2489 648 2520 p.
670 2481 689 2511 8
706 2480 786 2511 adn.
808 2481 836 2510 3.
874 2478 978 2510 Klotz
995 2478 1061 2514 111,
1085 2479 1154 2513 104,
1175 2479 1205 2508 8.
1243 2477 1331 2509 Reid
1347 2488 1382 2518 p.
1404 2479 1445 2509 64
1463 2479 1543 2517 (29).

1337 2559 1356 2588 4
