1965 3015
900 176 1138 212 —10-

303 273 410 321 apud
436 277 648 320 utrumque
675 275 974 322 gratiosissimus
1000 275 1050 312 de
1078 275 1238 312 civitate
1264 274 1363 312 falso
1391 278 1549 323 sumpta
1569 287 1732 316 accusa-

302 331 452 377 returl),
489 342 568 378 qua
603 332 850 369 accusatione
884 333 967 369 iure
1002 333 1198 381 virgarum
1232 332 1533 381 appetebatufl).
1604 333 1731 372 Nemo

301 388 525 431 dubitabat,
565 387 660 435 quin
682 389 860 426 futurum
883 393 996 433 esset,
1020 394 1068 427 ut
1090 391 1131 428 in
1154 391 1226 427 hoc
1250 401 1390 439 magno
1413 390 1582 438 periculo
1605 390 1731 429 Balbo

301 445 352 482 de
375 446 557 482 omnibus
581 445 749 483 fortunis
773 447 1026 495 pugnandum
1048 447 1194 495 esset').

399 502 460 539 De
487 506 675 551 tempore,
706 515 784 551 quo
813 504 938 541 oratio
965 504 1102 541 habita
1130 505 1194 549 sit,
1224 506 1319 543 haec
1347 505 1484 548 habeo,
1514 515 1614 553 quae
1641 516 1729 554 pro·

300 560 467 607 feram⁴).
500 560 655 598 Nullius
671 561 837 598 consulis
853 573 877 598 a
893 561 1073 599 Cicerone
1089 562 1139 598 fit
1155 563 1314 606 mentio,
1329 574 1380 600 ne
1395 563 1555 610 Pompei
1572 563 1729 610 quidem

301 616 517 664 Crassique,
557 618 624 664 qui
662 630 764 655 anno
796 621 844 653 55
869 619 942 654 hoc
969 630 1128 654 munere
1165 619 1439 667 fungebantur.
1494 619 1572 657 Sed
1597 623 1730 656 orator

302 675 540 711 mentionem
564 674 660 711 facit
687 674 787 711 illius
813 677 971 711 senatus
996 674 1176 718 consulti,
1216 687 1294 723 quo
1318 676 1471 713 Caesari
1496 673 1728 724 supplicatio

301 730 522 778 quindecim
540 731 690 767 dierum
708 752 759 758 —
778 731 845 778 qui
862 743 1047 768 numerus
1065 735 1150 768 erat
1168 735 1256 769 tum
1273 733 1432 769 omnino
1451 733 1660 770 inusitatus
1677 753 1729 761 -—

299 789 352 824 sit
376 788 599 833 concessa5).
651 788 839 825 Concessa
861 792 923 825 est
951 789 1198 836 expeditione
1227 790 1320 826 anni
1350 793 1398 826 57
1423 790 1538 827 finita
1562 790 1654 827 anni
1680 793 1729 826 56

298 845 379 880 fere
403 848 594 881 autumno
620 844 786 881 Lentulo
810 844 1032 882 Marcellino
1055 845 1236 893 Philippo
1265 847 1498 890 consulibus,
1523 857 1661 894 neque,
1685 846 1728 882 id

299 902 406 949 quod
426 901 678 939 Drumannus
700 914 854 950 quoque
876 902 1025 951 optimo
1047 903 1128 940 iure
1149 903 1292 940 dixisse
1313 903 1409 941 mihi
1429 903 1597 948 videtur,
1619 903 1727 952 prius

297 971 424 1006 neque
442 960 567 997 multo
585 963 676 1007 post
695 960 819 996 oratio
837 960 974 997 habita
991 964 1064 1004 est,
1083 961 1311 1008 praesertim
1327 973 1418 997 cum
1436 961 1548 998 initio
1567 961 1659 998 anni
1679 964 1727 998 55

298 1017 506 1064 Pompeius
522 1017 606 1053 aliis
622 1017 737 1054 rebus
752 1017 913 1053 maximi
929 1018 1117 1054 momenti
1132 1021 1234 1054 esset
1249 1021 1463 1066 occupatus
1478 1018 1725 1065 Crassusque,

299 1075 367 1122 qui
393 1087 473 1112 una
499 1087 589 1111 cum
615 1086 660 1111 eo
687 1075 861 1111 defendit
881 1075 1061 1119 Balbum,
1089 1087 1192 1113 anno
1218 1079 1377 1123 peracto
1402 1076 1599 1123 profectus
1624 1079 1727 1113 esset

298 1132 340 1168 in
368 1132 533 1179 Syriam.

397 1190 602 1226 Praeterea
630 1200 709 1226 non
733 1189 885 1232 dubito,
921 1189 1016 1237 quin
1039 1193 1129 1237 post
1152 1189 1442 1227 triumviratum
1466 1190 1594 1226 Lucae
1616 1201 1726 1226 reno-

297 1250 450 1290 vatum,
472 1258 550 1293 qua
569 1258 610 1282 re
630 1246 684 1282 illi
705 1250 785 1283 tres
804 1248 906 1283 inter
925 1259 966 1283 se
985 1247 1344 1291 reconciliabantur,
1368 1248 1471 1284 actio
1491 1248 1543 1284 sit
1562 1248 1722 1295 agitata.

292 1304 541 1351 Quamquam
565 1304 852 1340 accusationem
875 1304 1000 1351 ipsam
1023 1305 1092 1341 vix
1115 1308 1201 1341 tum
1224 1305 1382 1341 demum
1404 1309 1625 1352 susceptam
1642 1316 1726 1342 esse

296 1361 437 1409 puto⁶).
491 1361 556 1397 Ita
592 1362 665 1397 hoc
701 1360 799 1397 nihil
823 1360 1023 1398 habuisset
1048 1361 1122 1397 nisi
1148 1362 1274 1398 minas
1299 1361 1564 1398 inutilissimas
1588 1365 1726 1399 contra

294 1429 374 1462 eos,
401 1418 467 1465 qui
483 1430 677 1454 summam
692 1418 881 1454 tenebant
896 1418 1059 1466 imperii.
1091 1418 1250 1454 Minime
1266 1419 1274 1454 l
1312 1419 1491 1466 Spatium
1506 1418 1725 1455 interfuisse

295 1479 394 1523 puto
413 1477 515 1512 inter
534 1476 820 1511 accusationem
839 1479 880 1511 et
900 1476 1105 1518 actionem,
1128 1487 1205 1522 quo
1225 1476 1435 1512 adversarii
1454 1477 1514 1512 uti
1533 1477 1574 1512 in
1593 1476 1724 1512 animo

406 1616 430 1653 1)
452 1625 514 1655 pro
536 1616 576 1646 B.
595 1616 731 1655 passim.

405 1663 431 1700 ²)
454 1664 539 1694 Plin.
562 1674 596 1693 n.
618 1665 652 1694 h.
674 1664 754 1699 VII,
781 1665 856 1694 136:
886 1687 894 1694 .
907 1686 915 1694 .
929 1687 936 1694 .
950 1687 957 1694 .
979 1664 1046 1694 Sed
1066 1667 1246 1695 accusatus
1265 1667 1372 1704 atque
1391 1665 1435 1696 de
1455 1664 1527 1695 iure
1547 1665 1720 1704 virgarum

297 1711 332 1742 in
354 1721 434 1742 eum
455 1711 564 1742 iudice
586 1711 622 1741 in
643 1711 820 1742 consilium
840 1712 942 1742 misso
971 1734 978 1742 .
992 1734 1000 1741 .
1013 1734 1021 1742 .
1035 1734 1043 1742 .

300 1785 303 1788 .
404 1758 430 1795 ι)
452 1768 514 1798 pro
537 1759 577 1788 B.
596 1758 644 1793 ΙΙ,
669 1760 703 1789 5:
738 1759 830 1789 Nam
851 1759 963 1805 verius
984 1759 1068 1789 nihil
1089 1762 1142 1789 est
1169 1776 1202 1781 —-
1230 1760 1267 1789 L.
1290 1759 1482 1790 Cornelium
1502 1759 1547 1791 de
1568 1759 1714 1790 fortunis

295 1806 455 1837 omnibus
476 1806 647 1837 dimicare.
667 1829 675 1836 .
689 1829 697 1836 .
711 1829 719 1836 .
732 1829 740 1836 .

404 1853 429 1890 ι)
452 1853 501 1884 Of.
526 1854 775 1888 Drumannum,
799 1854 898 1883 Rom.
925 1853 1044 1883 Gesch.
1067 1853 1132 1888 11²,
1156 1854 1218 1883 513
1240 1854 1319 1885 adn.
1346 1854 1374 1884 3.

403 1900 427 1938 ⁵)
450 1911 511 1940 pro
534 1901 573 1931 B.
593 1901 744 1935 XXVII,
769 1901 825 1930 61:
861 1901 896 1930 C.
920 1900 1097 1931 Caesarem
1123 1900 1255 1931 dierum
1274 1910 1375 1931 novo.

402 1949 453 1978 De
476 1958 572 1987 prov.
597 1957 688 1978 cons.
713 1948 779 1982 XI,
804 1949 860 1978 26:
900 1947 1190 1987 Supplicationem
1212 1947 1406 1988 quindecim
1427 1947 1559 1979 dierum
1580 1948 1715 1979 decrevi

292 1995 463 2027 sententia
482 2005 559 2026 mea
585 2019 593 2026 .
607 2019 614 2026 .
628 2019 657 2027 ..
685 1995 840 2027 cumulus
859 1995 993 2028 dierum
1018 2018 1048 2026 ..
1062 2019 1070 2026 .
1084 2018 1091 2026 .
1123 2013 1156 2018 —
1187 2018 1195 2026 .
1209 2018 1238 2027 ..
1252 2018 1260 2026 .
1287 1999 1322 2027 et
1342 1995 1478 2027 novitas
1497 1999 1534 2026 et
1553 2005 1715 2027 numerus

292 2044 425 2074 dierum
447 2044 597 2074 Caesaris
619 2043 724 2082 ipsius
746 2043 839 2074 laudi
860 2043 1052 2082 gloriaeque
1074 2053 1250 2074 concessus
1271 2047 1333 2073 est.

401 2091 533 2126 Caesar,
557 2091 610 2121 De
631 2091 719 2121 bello
745 2090 872 2121 Gallico
894 2090 943 2126 11,
968 2091 1024 2122 35:
1061 2091 1115 2122 Ob
1136 2100 1261 2132 easque
1281 2100 1335 2121 res
1356 2099 1400 2121 ex
1421 2090 1543 2121 litteris
1566 2090 1717 2122 Caesaris

293 2139 329 2169 in
357 2139 430 2170 dies
462 2139 656 2179 quindecim
679 2139 882 2179 supplicatio
905 2140 1043 2171 decreta
1066 2142 1128 2175 est,
1154 2139 1247 2180 quod
1269 2143 1352 2171 ante
1374 2139 1410 2171 id
1434 2142 1570 2179 tempus
1593 2138 1719 2171 accidit

293 2187 386 2216 nulli.
433 2187 497 2217 Dio
525 2187 658 2216 Cassius
679 2187 852 2221 XXXIX,
882 2189 917 2217 5:
955 2209 962 2217 .
976 2209 984 2217 .
998 2209 1005 2217 .
1019 2209 1027 2217 .
1062 2188 1109 2217 καὶ
1138 2187 1312 2227 ἐψηφίσαντο
1341 2186 1530 2217 armam
1555 2186 1596 2216 ἐπ’
1625 2185 1720 2221 eumz<

292 2233 402 2274 ἡμέρας
419 2232 514 2268 bezai.
534 2232 581 2263 ὅτι
600 2232 678 2263 οὔπω
697 2233 830 2274 πρότερον
848 2233 977 2273 hegowe.
1678 2269 1682 2276 ι

402 2279 428 2316 ⁸)
452 2281 576 2318 Lange,
600 2281 700 2310 Rom.
718 2280 925 2310 Altertiimer
946 2281 1013 2316 ΠΙ,
1037 2282 1114 2312 335:
1151 2281 1228 2317 „Im
1245 2281 1528 2312 Senatsbeschluss
1545 2291 1588 2311 zu
1603 2281 1718 2324 Ehren

297 2327 400 2357 Catos
417 2327 515 2357 sollte
531 2328 619 2357 ohne
635 2327 768 2356 Zweifel
784 2327 858 2357 eine
873 2328 1150 2358 Demonstration
1167 2338 1271 2368 gegen
1285 2329 1341 2360 die
1356 2329 1579 2359 Machthaber
1595 2328 1717 2367 negem

294 2375 421 2405 ebenso
443 2374 489 2405 ist
509 2374 565 2406 die
587 2375 740 2414 Anklage
761 2374 987 2410 auszufassen,
1009 2376 1133 2406 welche
1155 2375 1203 2406 im
1224 2376 1352 2407 Herbst
1373 2376 1482 2407 dieses
1504 2376 1627 2407 Jahres
1649 2385 1718 2406 von

293 2423 406 2453 einem
432 2423 620 2454 Gaditaner
643 2432 748 2461 gegen
771 2422 942 2453 Cornelius
965 2423 1104 2457 Balbus,
1128 2423 1226 2454 einen
1249 2423 1432 2462 Giinstling
1453 2424 1514 2454 des
1537 2423 1717 2462 Pompeius

293 2471 366 2501 und
386 2470 518 2505 Caesar,
536 2479 650 2510 wegen
667 2469 845 2509 angeblich
863 2470 1164 2501 widerrechtlicher
1181 2471 1386 2510 Anmassung
1399 2471 1460 2502 des
1476 2470 1718 2510 Biirgerrechta

292 2519 354 2549 auf
379 2519 498 2549 Grund
519 2519 580 2549 der
603 2519 657 2548 lex
679 2517 786 2558 Papia
808 2518 973 2557 gerichtet
995 2518 1144 2549 wurde.“
