1965 3015
775 115 1076 161 —31-‘

184 225 317 259 autem
329 224 401 260 hoc
414 223 499 259 loco
509 224 691 260 adhibere
704 224 757 267 id,
777 224 882 270 quod
895 224 1001 271 apud
1013 224 1236 270 Appianum
1248 223 1421 270 legimus,
1442 223 1601 258 ineunte

184 291 286 317 anno
307 282 352 316 41
374 280 418 317 L.
439 280 610 318 Antonio
629 281 860 329 imperatore
878 280 950 325 Qu.
972 281 1215 318 Peducaeum
1234 283 1276 317 et
1296 279 1459 317 Lucium
1480 290 1600 327 quen·

182 338 275 375 dam
305 338 355 375 ab
387 339 602 376 Octaviano
631 339 753 376 iussos
783 339 942 387 legatos,
972 342 1019 376 ut
1049 340 1107 375 ita
1136 339 1275 382 dicam,
1306 350 1377 385 pro
1407 341 1598 385 praetore,

182 395 350 443 primum
379 395 491 439 solos,
522 396 808 433 administrasse
838 396 1087 444 Hispaniasl).
1147 395 1233 439 Qua
1262 407 1351 431 cum
1380 406 1422 431 re
1452 395 1599 442 optime

182 453 291 490 illum
327 466 531 490 nummum
571 454 800 497 „BALBUS
838 454 943 490 PRO
982 453 1079 489 PR“
1117 453 1345 500 inscriptum
1383 452 1599 488 consentire

182 513 292 557 puto,
333 510 558 558 praesertim
592 522 681 546 eum
714 510 779 546 illo
812 513 986 557 tempore
1018 509 1147 545 nullus
1180 509 1278 546 alius
1312 510 1458 545 Balbus
1492 508 1598 556 apud

184 567 441 605 Octavianum
465 567 698 603 auctoritate
721 567 895 603 floruerit
917 567 991 603 nisi
1015 567 1078 603 ille
1102 566 1247 603 Balbus
1271 568 1405 603 maior.

278 623 425 666 Quibus
454 624 639 669 expositis
668 623 974 659 concludendum
1003 635 1085 659 esse
1114 635 1249 659 censeo
1278 624 1459 665 Balbum,
1490 627 1598 659 ante-

183 692 301 728 quam
328 679 571 716 consulatum
598 680 697 723 iniit,
725 692 883 717 munere
908 680 1167 728 propraetoris
1193 692 1274 716 esse
1301 680 1498 723 functum;
1541 680 1598 715 in-

182 741 330 773 certum
353 740 414 773 est
438 737 635 783 quamdiu,
660 737 823 773 fortasse
838 749 960 784 usque
974 738 1025 773 ad
1041 741 1274 774 autumnum
1298 738 1389 773 anni
1415 740 1474 773 40.
1524 737 1597 772 Illo

181 797 355 840 tempore
380 793 425 829 L.
443 793 637 829 Antonius
661 797 837 830 mortuus
862 797 933 836 est,
960 794 1069 830 cuius
1094 795 1297 841 imperium
1322 794 1512 829 traditum
1538 797 1599 828 est

182 850 251 889 Cn.
281 850 455 888 Domitio
485 850 644 888 Calvino
674 854 760 887 tum
790 850 949 894 consuli,
980 851 1042 887 cui
1072 850 1218 887 Balbus
1248 850 1382 887 consul
1411 850 1600 887 suffectus

181 908 405 953 successit2),
442 911 489 943 ut
526 911 729 954 tamquam
766 920 855 944 cum
893 908 1053 945 Calvino
1089 912 1220 954 partes
1257 911 1441 950 mutaret,
1481 919 1599 953 quam

180 976 262 1001 rem
299 964 456 1000 minime
487 964 682 1000 offendere
726 968 836 1011 puto,
878 965 1104 1012 praesertim
1136 976 1225 1000 cum
1256 964 1329 1000 illis
1360 963 1601 1011 temporibus

181 1022 431 1068 magistratus
450 1021 502 1057 ad
521 1021 724 1056 arbitrium
743 1025 785 1057 et
803 1033 853 1056 ex
871 1021 1075 1057 voluntate
1094 1033 1240 1063 eorum,
1262 1021 1328 1067 qui
1348 1021 1601 1056 obtinuerunt

180 1080 429 1124 potestatem,
455 1077 539 1112 dati
564 1077 655 1112 sint.
707 1077 751 1112 L.
778 1077 974 1113 Cornelius
999 1077 1145 1113 Balbus
1170 1078 1293 1112 maior
1315 1076 1602 1123 peregrinorum

183 1133 339 1180 quidem
362 1133 510 1180 primus
534 1145 729 1169 summum
754 1134 794 1170 in
818 1145 859 1169 re
883 1134 1039 1181 publica
1063 1137 1261 1170 assecutus
1285 1138 1345 1169 est
1368 1132 1538 1179 locum⁸).

278 1190 369 1226 Una
380 1201 470 1225 cum
481 1189 640 1227 Oanidio
653 1190 809 1238 collega,
828 1191 1006 1237 quamvis
1018 1191 1249 1238 magistratu
1260 1202 1341 1228 non
1352 1191 1604 1238 fungerentur

180 1247 254 1283 nisi
280 1247 398 1283 breve
422 1258 492 1294 per
516 1250 683 1294 tempus,
711 1247 1015 1294 splendidissime
1040 1248 1493 1295 magnificentissimeque
1519 1248 1601 1283 dies

180 1304 301 1340 festos
317 1304 480 1340 curabat
496 1303 755 1346 celebrandos,
774 1304 865 1350 quia
880 1316 960 1351 pax
976 1305 1077 1341 inter
1092 1305 1306 1341 Antonium
1324 1304 1600 1341 Octavianum-

183 1372 257 1407 que
275 1364 360 1397 erat
377 1361 559 1397 restituta
580 1361 745 1406 (Cassius
764 1361 840 1397 Dio
858 1362 1043 1405 XLVIII,
1064 1364 1123 1404 32,
1139 1364 1187 1407 4).
1237 1362 1348 1398 Idem
1372 1362 1422 1397 ab
1447 1362 1506 1404 iis,
1533 1362 1599 1408 qui

180 1417 400 1454 incolebant
424 1416 609 1465 Capuam,
645 1430 795 1454 summo
825 1419 968 1469 honore
998 1419 1164 1455 affectus
1186 1422 1258 1462 est,
1295 1431 1384 1455 cum
1410 1422 1598 1466 patronus

181 1475 417 1521 crearetur-⁴).

277 1532 391 1568 Anno
414 1534 460 1567 32
480 1532 616 1567 aderat
634 1532 768 1568 Attico
788 1533 912 1568 amico
932 1544 1003 1569 suo
1022 1533 1252 1578 moritur05),
1275 1544 1390 1579 quem
1412 1533 1598 1579 quamdiu

180 1588 265 1625 vita
293 1588 543 1636 superaverit,
571 1600 651 1625 non
680 1592 846 1626 constat.
904 1589 1041 1636 Neque
1068 1602 1161 1626 vero
1189 1593 1250 1626 est
1277 1590 1482 1626 verisimile
1510 1602 1599 1626 eum

180 1646 324 1681 theatri
341 1645 532 1688 Balbiani,
552 1646 657 1692 quod
673 1657 753 1682 non
771 1646 821 1682 ab
839 1657 898 1689 eo,
917 1647 985 1682 sed
1003 1659 1027 1682 a
1045 1647 1169 1683 Balbo
1187 1648 1334 1683 minore
1351 1647 1600 1683 aedificatum

287 1739 312 1777 ¹)
330 1739 365 1768 b.
386 1748 415 1768 c.
434 1739 477 1774 V,
498 1739 554 1768 54:
586 1756 619 1761 —
653 1739 805 1769 πιστεύσειν
827 1738 859 1769 δὲ
883 1739 924 1774 ὡς
946 1739 1046 1781 τοιῷδε
1069 1739 1147 1781 ἀνδρὶ
1171 1743 1263 1770 πᾶσαν
1289 1739 1416 1780 Ἰβηρίαν
1440 1737 1487 1771 καὶ
1504 1739 1552 1770 τὸν
1572 1740 1601 1769 ἒν

182 1786 254 1827 αὐτῇ
290 1785 424 1827 στρατόν,
460 1784 741 1826 ‘oxomam-(omno
777 1785 854 1827 αὐτῷ’
877 1790 935 1818 τῶν
963 1789 1010 1817 νῦν
1041 1787 1200 1829 ἡγουμένων
1232 1785 1319 1829 αὐτῆς
1350 1786 1521 1818 Πεδουκαίου
1556 1785 1602 1818 mi

181 1832 308 1864 Λουκίου.

288 1880 314 1918 ¹)
334 1879 369 1911 C.
392 1880 425 1911 J.
446 1880 484 1910 L.
504 1880 550 1916 1⁸,
572 1881 623 1916 61,
644 1881 695 1915 64,
717 1882 758 1911 65
776 1880 801 1911 f.
820 1891 937 1921 augur.
957 1881 981 1911 f.
1002 1882 1109 1912 Oolot.
1129 1882 1153 1912 f.
1174 1882 1295 1913 Biond.
1322 1900 1354 1904 —
1378 1882 1445 1912 Dio
1464 1881 1598 1912 Cassius

180 1928 344 1963 XLVIII,
362 1929 413 1962 32,
430 1929 459 1958 2.
476 1945 508 1949 —
523 1928 609 1958 Plin.
620 1938 653 1958 11.
665 1929 699 1958 11.
710 1929 790 1963 VII,
807 1930 868 1959 136
886 1929 952 1959 fuit
970 1932 1005 1959 et
1022 1930 1150 1959 Balbus
1161 1930 1331 1959 Cornelius
1345 1929 1453 1959 maior
1464 1930 1598 1964 consul:

182 1976 224 2006 cf.
256 1976 354 2006 Fred.
384 1975 521 2006 Fischer
552 1975 721 2011 „Senatus
750 1976 926 2006 Romanus
956 1976 1015 2015 qui
1043 1977 1145 2007 fuerit
1176 1976 1320 2016 Augusti
1349 1977 1596 2016 temporibus“,

181 2023 269 2055 Diss.
292 2023 403 2055 Berol.
429 2025 522 2059 1908,
544 2033 578 2063 p.
603 2024 644 2054 25
664 2033 715 2054 nr.
742 2025 812 2054 118.

288 2071 314 2109 ⁸)
332 2072 417 2102 Plin.
441 2081 475 2101 n.
494 2072 528 2101 h.
547 2072 626 2106 VII,
654 2073 714 2101 136
740 2071 869 2110 primus
896 2074 1113 2102 externorum
1138 2075 1244 2111 atque
1272 2072 1379 2102 etiam
1405 2072 1441 2102 in
1469 2082 1596 2102 oceano

182 2119 373 2158 genitorum
394 2128 476 2149 usus
500 2119 557 2149 illo
580 2119 717 2154 honore,
742 2128 844 2158 quem
866 2118 1010 2149 maiores
1033 2119 1133 2149 Latio
1158 2129 1292 2159 quoque
1316 2119 1524 2159 negaverint.
1556 2137 1588 2141 —

182 2167 231 2197 cf.
251 2170 369 2197 autem
386 2167 711 2196 Drumann-Groebe
732 2166 771 2197 Gr.
786 2167 829 2196 R.
843 2166 908 2201 11¹,
929 2167 1098 2196 52220—-22
1116 2176 1144 2196 e.
1164 2168 1243 2198 adn.
1267 2169 1303 2196 ll
1326 2169 1513 2206 (praeterea
1536 2169 1597 2197 143

180 2214 260 2245 adn.
285 2215 327 2252 5).
371 2214 493 2245 Iullien
518 2214 578 2244 135
590 2223 664 2253 sqq.

288 2262 314 2299 ⁴)
335 2262 517 2293 TitulusC.
528 2262 557 2291 1.
569 2262 607 2291 L.
620 2261 666 2296 X,
681 2263 778 2292 3854·
805 2262 843 2291 L.
856 2262 1018 2292 Cornelio.
1032 2263 1069 2292 L.
1084 2263 1125 2300 [f]
1137 2262 1245 2292 Balbo
1257 2272 1324 2292 eos.
1340 2264 1514 2301 patr[ono]
1524 2263 1598 2301 d[e]

182 2309 476 2348 cansa-iptorum]
498 2309 671 2347 d[eereto].

288 2356 314 2396 ⁸)
333 2357 477 2397 Nepos,
480 2356 660 2392 ,Atticus‘,
681 2357 734 2392 21,
755 2358 790 2388 4:
822 2357 937 2397 Atque
955 2358 1020 2389 hoc
1039 2357 1237 2412 priusquam
1255 2357 1286 2388 ei
1304 2358 1483 2394 accideret,
1502 2361 1595 2399 post-

182 2415 287 2444 quam
314 2405 350 2435 in
380 2405 452 2435 dies
480 2405 611 2435 dolores
638 2414 824 2434 accrescere
852 2406 1029 2445 febresque
1056 2406 1232 2436 accessisse
1259 2407 1377 2440 sensit,
1407 2406 1595 2445 Agrippam

182 2462 342 2492 generum
361 2452 408 2484 ad
428 2461 465 2482 se
485 2451 609 2483 accersi
630 2451 728 2483 iussit
749 2455 785 2483 et
806 2453 844 2483 L.
868 2453 1058 2484 Cornelium
1078 2453 1235 2484 Balbum.
