1965 3015
902 171 1141 207 —28—

308 271 371 308 ille
405 271 591 310 nonnulla
626 272 806 309 simulare
841 272 914 309 sibi
948 274 1189 320 persuaserat
1223 282 1348 318 neque
1382 270 1489 307 aliud
1524 270 1732 317 quicquam

309 333 457 377 optare,
482 330 556 366 nisi
582 333 628 366 ut
654 330 795 367 iterum
820 330 965 368 bellum
991 329 1187 377 quoddam
1212 328 1324 366 civile
1348 328 1583 365 excitaretur
1607 328 1730 375 eique,

309 387 375 433 qui
413 399 495 423 rem
534 387 731 434 publicam
769 388 1007 430 liberassent,
1047 386 1395 434 opprimerenturl).
1473 385 1732 424 Nihilominus

307 456 409 487 eum,
447 445 514 491 qui
549 449 636 482 tum
672 446 917 482 acerbissimo
952 444 1196 481 cruciabatur
1231 444 1408 489 morb02),
1444 454 1574 480 mense
1612 442 1730 485 Julio,

307 513 397 538 cum
421 502 537 538 rebus
562 502 796 549 quibusdam
815 506 1013 550 urgeretur
1031 501 1272 548 pecuniariis,
1299 505 1345 538 ut
1364 500 1436 537 sibi
1455 500 1599 537 auxilio
1617 503 1730 542 esset,

308 558 478 605 oravit³).
540 560 650 596 Idem
681 572 769 596 cum
799 571 928 596 mense
958 558 1168 596 Novembri
1198 559 1249 595 ab
1279 559 1374 596 urbe
1404 559 1567 601 abesset,
1604 557 1654 593 ab
1684 568 1730 593 eo

308 617 385 654 alia
409 617 458 653 de
483 629 523 654 re
549 618 698 665 accepit
722 617 914 663 litteras4).

406 675 597 722 Pergebat
640 679 772 711 autem
809 675 853 711 L.
892 674 1087 712 Cornelius
1124 674 1270 710 Balbus
1307 686 1499 711 summam
1535 676 1731 721 praestare

307 732 427 768 fidem
445 732 673 774 Octaviano,
695 744 718 767 a
736 743 813 778 quo
829 732 1008 767 maximis
1024 731 1322 778 splendidisque,
1340 732 1483 778 quippe
1500 730 1566 778 qui
1582 741 1732 777 semper

306 788 442 825 fuisset
467 789 544 825 iam
564 787 716 826 Caesari
740 789 907 831 deditus,
932 789 1194 825 exornabatur
1217 789 1438 826 honoribus.
1486 788 1730 833 Quamquam

307 845 635 892 quemadmodum
670 846 709 881 in
744 845 902 892 singulis
936 845 1107 882 Caesaris
1140 845 1320 882 heredem
1354 849 1490 892 postea
1524 843 1728 886 adiuverit,

305 913 376 939 nos
389 902 534 939 nescire
548 913 659 949 aegre
672 906 732 938 est
745 902 959 939 ferendum.
988 902 1061 937 Illa
1074 905 1207 938 autem
1221 902 1364 945 officia,
1379 913 1478 948 quae
1491 901 1728 948 praestabat,

305 959 463 996 minime
482 960 621 1007 exigua
640 959 757 996 fuisse
776 959 839 996 vel
858 959 947 996 inde
967 959 1135 1006 intellegi
1155 959 1250 996 mihi
1269 959 1435 1001 videtur,
1457 958 1573 1005 quod,
1595 969 1728 1004 quam-

304 1017 365 1052 vis
397 1015 557 1054 Caesare
588 1017 779 1053 dictatore
811 1016 917 1053 nullo
949 1016 1107 1053 functus
1138 1020 1239 1053 esset
1271 1017 1513 1063 magistratu,
1545 1026 1648 1051 anno
1682 1017 1729 1050 40

308 1074 442 1110 consul
466 1078 526 1109 est
550 1078 715 1109 creatus.

310 1180 346 1206 et
367 1177 501 1207 Hirtius
528 1195 559 1199 —
584 1187 627 1207 ne
649 1177 744 1208 illum
764 1177 915 1213 videam;
950 1179 980 1211 6,
1003 1179 1022 1207 4
1058 1178 1104 1214 (d.
1127 1178 1177 1207 28.
1200 1177 1254 1206 vel
1275 1178 1316 1208 29
1337 1177 1415 1207 mai.
1439 1177 1506 1214 44):
1541 1175 1727 1214 Obsignata

307 1224 376 1254 iam
401 1240 435 1246 —
459 1224 678 1260 discessuros;
714 1226 743 1258 8,
770 1226 784 1254 l
809 1225 855 1262 (d.
880 1226 930 1254 31.
953 1225 1031 1255 mai.
1055 1225 1122 1261 44):
1163 1225 1245 1255 Post
1265 1234 1366 1255 suum
1385 1224 1569 1255 discessum
1588 1223 1686 1254 binas
1706 1232 1728 1253 a

306 1271 415 1301 Balbo
437 1289 469 1293 --
490 1271 574 1301 nihil
590 1271 671 1301 novi
695 1294 702 1301 .
717 1294 723 1301 .
738 1294 745 1301 .
760 1284 789 1307 .;
820 1274 850 1306 9,
872 1274 886 1301 1
907 1272 954 1310 (d.
973 1274 1003 1301 2.
1022 1272 1076 1303 vel
1094 1273 1123 1302 3.
1142 1272 1210 1302 iun.
1229 1273 1297 1309 44):
1327 1273 1415 1302 Non.
1434 1271 1564 1311 vesperi
1579 1281 1601 1301 a
1617 1270 1725 1300 Balbo

304 1319 457 1350 redditae
479 1319 563 1349 mihi
585 1319 719 1350 litterae
746 1337 778 1341 —
804 1320 979 1351 decretum
1001 1319 1051 1349 iri.

417 1367 439 1403 1)
460 1367 509 1397 cf.
525 1368 571 1398 ad
584 1368 657 1396 Att.
671 1367 767 1401 XIV,
784 1368 833 1401 12,
848 1368 868 1396 2
880 1367 926 1404 (d.
942 1368 993 1396 22.
1007 1376 1080 1405 apr.
1095 1368 1163 1403 44):
1178 1366 1364 1396 Nobiscum
1374 1367 1429 1395 hic
1446 1383 1478 1388 -—
1488 1376 1557 1396 non
1569 1369 1621 1395 est
1632 1365 1724 1396 item.

415 1414 441 1452 ¹)
460 1415 506 1446 ad
525 1415 607 1445 fam.
628 1414 724 1450 XVI,
747 1415 798 1449 23,
823 1416 837 1444 l
861 1415 943 1453 (fere
961 1415 995 1446 d.
1019 1415 1069 1444 21.
1091 1414 1159 1444 iun.
1182 1415 1250 1452 44):
1293 1414 1421 1445 Balbus
1445 1414 1491 1445 ad
1514 1423 1569 1444 me
1594 1412 1727 1453 scripsit

244 1506 247 1509 K
305 1466 407 1493 tanta
429 1472 464 1492 se
487 1463 604 1505 ἑπιφορᾷ
627 1472 835 1502 oppressum,
858 1466 899 1493 ut
921 1462 1013 1502 loqui
1033 1472 1103 1493 non
1124 1462 1241 1502 possit.

400 1509 519 1550 ἐπιφορά
542 1519 602 1548 per
615 1519 650 1539 se
669 1513 721 1540 est
744 1511 938 1549 ‚,impetus“
952 1511 996 1540 cf.
1010 1509 1131 1548 Polyb.
1147 1510 1208 1543 VI,
1230 1511 1283 1543 55,
1299 1510 1318 1538 2
1333 1507 1378 1540 καὶ
1395 1509 1513 1548 κατέσχε
1522 1508 1573 1548 τὴν
1593 1506 1726 1549 ἐπιφορὰν

303 1559 361 1586 τῶν
383 1555 503 1597 ἐχθρῶν.
539 1556 680 1596 Saepius
703 1558 867 1587 translate
888 1557 931 1587 de
950 1557 1050 1588 rebus
1068 1556 1264 1588 adhibetur:
1292 1555 1411 1595 Polyb.
1423 1557 1484 1591 IV,
1498 1557 1551 1590 41,
1569 1557 1587 1587 7
1607 1553 1725 1595 ἐπιφορὰ

305 1602 419 1642 ὄμβρων
433 1621 465 1625 -
483 1605 543 1634 sed
555 1605 660 1635 etiam
670 1606 713 1635 de
723 1605 915 1644 impetuosa
925 1608 970 1638 et,
980 1608 1021 1635 ut
1030 1605 1178 1639 videtur,
1193 1604 1365 1634 invectiva
1380 1603 1547 1634 oratione:
1566 1603 1723 1633 Philostr.

304 1651 345 1680 V.
371 1652 404 1681 S.
431 1661 464 1690 p.
487 1653 550 1681 604
576 1652 640 1686 (ed.
668 1652 801 1691 Kayser
821 1652 850 1687 Ι,
872 1653 904 1689 2)
930 1650 1114 1692 Δημοσθένης
1133 1650 1185 1693 γὰρ
1198 1650 1330 1691 μαθητὴς
1348 1650 1525 1691 μὲνἸσαίου,
1545 1648 1682 1690 ζηλωτὴς
1696 1649 1725 1679 δὲ

302 1696 485 1739 Ἰσοκράτους
504 1698 649 1739 Ῑενόμενος
668 1698 853 1740 ὑπερεβάλετο
868 1697 951 1729 αὐτὸν
970 1698 1052 1740 θυμῷ
1072 1697 1118 1730 καὶ
1136 1699 1265 1740 ἐπιφορᾷ.
1297 1699 1474 1730 Praeterea
1488 1708 1550 1739 pro
1575 1697 1725 1739 κατηγορία

305 1745 463 1776 Philostr.
485 1746 506 1775 Ι.
527 1756 555 1776 c.
579 1748 641 1777 542
664 1746 877 1787 διαμαρτάνουσι
895 1747 988 1786 μέντοι
1005 1749 1055 1776 τοῦ
1073 1745 1175 1787 ἀνδρὸς
1195 1747 1346 1786 φάσκοντες
1365 1745 1447 1777 αὐτὸν
1466 1746 1517 1781 τὰς
1529 1746 1578 1787 μὲν
1592 1745 1725 1788 ἐπιφορὰς

304 1792 405 1834 ἄριστα
439 1797 580 1833 σοφιστῶν
611 1793 871 1834 μεταχειρίσασθαι,
909 1792 960 1828 τὰς
992 1793 1022 1823 δὲ
1059 1793 1210 1834 ἀπολογίας
1243 1795 1337 1834 ᾔτεον.
1385 1794 1576 1833 Hesychius
1597 1794 1725 1834 profert

304 1840 453 1883 ἑπιφοράςς
482 1840 641 1876 καταδίκας.

414 1888 481 1920 Sed
498 1888 582 1919 nihil
600 1889 723 1919 horum
741 1889 900 1919 convenit
919 1889 954 1919 in
974 1889 1180 1924 Ciceronem
1207 1889 1264 1928 qui
1283 1899 1361 1919 cum
1378 1889 1421 1918 de
1438 1889 1557 1919 morbo
1576 1889 1724 1928 quodam

301 1936 406 1970 dicat,
425 1936 574 1966 medicos
592 1937 707 1975 potius
725 1937 903 1971 adeamum
928 1936 951 1966 ii
963 1937 1028 1966 hoc
1040 1936 1184 1966 verbum
1195 1936 1415 1970 adhibebant,
1429 1945 1508 1966 cum
1519 1936 1562 1967 de
1574 1936 1724 1966 fluxione

300 1983 452 2015 humoris
469 1983 503 2015 in
518 1983 669 2025 aliquam
684 1984 832 2024 corporis
847 1987 980 2024 partem
994 1984 1163 2015 dicebant.
1202 1985 1251 2015 Cf.
1264 1984 1391 2015 Plinius
1400 1994 1434 2014 n.
1445 1984 1479 2014 h.
1490 1984 1627 2020 XXIX,
1641 1986 1669 2020 6,
1682 1985 1724 2016 38

302 2033 433 2062 cocleae
457 2032 559 2062 tritae
584 2033 689 2063 fronti
713 2033 831 2063 inlitae
855 2033 1034 2072 epiphoras
1059 2033 1189 2063 sedant.
1249 2033 1283 2062 Si
1307 2042 1386 2071 pars
1410 2033 1557 2071 corporis
1581 2042 1650 2062 non
1671 2036 1724 2062 est

300 2080 430 2114 addita.
442 2089 573 2119 semper
582 2080 671 2110 oculi
680 2081 800 2110 morbo
809 2080 1023 2115 afficiuntur;
1040 2083 1159 2111 contra
1170 2080 1213 2110 cf.
1222 2080 1500 2115 Plin.XX1X,14,
1509 2080 1723 2111 58adomnos

301 2127 481 2166 epiphoras
492 2127 621 2158 ventris
639 2128 732 2159 inlini
751 2137 887 2159 caseum
897 2128 1034 2158 mollem
1048 2128 1203 2160 suadent.
1237 2129 1312 2160 Iam
1324 2128 1437 2159 Cicero
1448 2128 1564 2159 scribit
1574 2128 1724 2160 Balbum

302 2179 404 2206 tanta
418 2175 582 2214 epiphora
597 2185 795 2215 oppressum
810 2185 891 2211 esse,
907 2179 948 2206 ut
965 2176 1056 2215 loqui
1070 2186 1140 2207 non
1154 2180 1279 2215 posset.
1311 2176 1375 2206 His
1389 2176 1500 2206 verbis
1518 2177 1586 2206 sole
1602 2176 1723 2206 clarius

302 2226 447 2261 apparet
461 2232 531 2253 non
547 2223 582 2253 in
598 2223 669 2253 eius
688 2224 792 2253 oculis
810 2223 912 2253 fuisse
928 2223 1015 2254 illius
1027 2224 1236 2254 vehementis
1248 2223 1358 2254 morbi
1376 2224 1490 2255 sedem
1510 2224 1565 2261 (cf.
1583 2224 1722 2263 Gasquy

301 2280 335 2309 p.
355 2272 415 2307 14),
435 2271 495 2302 sed
511 2270 545 2301 in
562 2280 634 2306 ore;
655 2270 790 2302 videtur
811 2271 912 2310 igitur
925 2271 1027 2302 fuisse
1041 2272 1136 2303 ulcus
1151 2271 1323 2311 quoddam
1337 2271 1371 2302 in
1385 2271 1540 2303 faucibus
1553 2275 1721 2306 exortum,

301 2328 319 2347 e
336 2328 404 2357 quo
418 2318 554 2357 sanguis
569 2319 622 2348 vel
645 2319 755 2349 sanies
776 2322 954 2358 tantopere
974 2320 1159 2354 defluebat,
1182 2324 1223 2350 ut
1245 2319 1336 2358 loqui
1357 2329 1427 2350 non
1448 2323 1572 2358 posset.

407 2365 433 2402 ⁸)
452 2366 498 2397 ad
518 2366 592 2396 Att.
614 2366 710 2401 XVI,
733 2367 762 2401 3,
783 2368 803 2396 5
824 2367 869 2404 (d.
895 2368 943 2397 17.
964 2366 1021 2397 iul.
1043 2368 1111 2404 44):
1144 2367 1292 2397 Maxime
1310 2370 1428 2397 autem
1445 2377 1501 2397 me
1519 2367 1615 2406 angit
1633 2366 1722 2396 ratio

299 2413 505 2452 reliquorum
527 2423 680 2444 meorum
708 2432 739 2436 —
766 2414 794 2444 si
815 2415 1035 2453 proficisceris
1057 2415 1092 2444 in
1114 2415 1266 2454 Epirum.

411 2462 434 2499 ⁴)
456 2462 502 2493 ad
524 2462 598 2492 Att.
623 2462 719 2497 XVI,
746 2463 795 2497 11,
820 2464 839 2493 8
862 2463 908 2500 (d.
934 2465 962 2493 5.
985 2472 1064 2493 nov.
1089 2464 1157 2500 44):
1194 2464 1245 2493 De
1267 2463 1459 2502 Lepidianis
1480 2462 1571 2493 feriis
1593 2461 1721 2491 Balbus

297 2510 343 2540 ad
364 2519 419 2539 me
440 2520 548 2549 usque
570 2510 615 2540 ad
638 2510 704 2539 ΙΙΙ.
727 2510 804 2540 Kal.
