<?xml version="1.0" encoding="UTF-8"?>
<!DOCTYPE html PUBLIC "-//W3C//DTD XHTML 1.0 Transitional//EN"
    "http://www.w3.org/TR/xhtml1/DTD/xhtml1-transitional.dtd">
<html xmlns="http://www.w3.org/1999/xhtml" xml:lang="en" lang="en">
 <head>
  <title>
</title>
<meta http-equiv="Content-Type" content="text/html;charset=utf-8" />
  <meta name='ocr-system' content='tesseract 3.04.00' />
  <meta name='ocr-capabilities' content='ocr_page ocr_carea ocr_par ocr_line ocrx_word'/>
</head>
<body>
  <div class='ocr_page' id='page_1' title='image "./4737966_0034.png"; bbox 0 0 1965 3015; ppageno 0'>
   <div class='ocr_carea' id='block_1_1' title="bbox 907 162 1147 199">
    <p class='ocr_par' dir='ltr' id='par_1_1' title="bbox 907 162 1147 199">
     <span class='ocr_line' id='line_1_1' title="bbox 907 162 1147 199; baseline 0 -11"><span class='ocrx_word' id='word_1_1' title='bbox 907 162 1147 199; x_wconf 69' lang='lat'>-20—</span> 
     </span>
    </p>
   </div>
   <div class='ocr_carea' id='block_1_2' title="bbox 309 260 1741 1679">
    <p class='ocr_par' dir='ltr' id='par_1_2' title="bbox 310 260 1741 425">
     <span class='ocr_line' id='line_1_2' title="bbox 311 260 1737 310; baseline 0.004 -14"><span class='ocrx_word' id='word_1_2' title='bbox 311 264 445 296; x_wconf 87' lang='lat' dir='ltr'>tamen</span> <span class='ocrx_word' id='word_1_3' title='bbox 483 272 572 296; x_wconf 91' lang='lat' dir='ltr'>cum</span> <span class='ocrx_word' id='word_1_4' title='bbox 610 260 736 296; x_wconf 80' lang='lat' dir='ltr'><strong>Balbo</strong></span> <span class='ocrx_word' id='word_1_5' title='bbox 774 262 1003 298; x_wconf 89' lang='lat' dir='ltr'>commercio</span> <span class='ocrx_word' id='word_1_6' title='bbox 1040 260 1238 310; x_wconf 69' lang='lat' dir='ltr'><strong>epistulari</strong></span> <span class='ocrx_word' id='word_1_7' title='bbox 1276 261 1505 298; x_wconf 90' lang='lat' dir='ltr'>coniunctus</span> <span class='ocrx_word' id='word_1_8' title='bbox 1553 264 1737 309; x_wconf 77' lang='lat' dir='ltr'>maximo,</span> 
     </span>
     <span class='ocr_line' id='line_1_3' title="bbox 311 317 1741 368; baseline 0.002 -15"><span class='ocrx_word' id='word_1_9' title='bbox 311 329 400 354; x_wconf 90' lang='lat' dir='ltr'>cum</span> <span class='ocrx_word' id='word_1_10' title='bbox 421 321 556 355; x_wconf 90' lang='lat' dir='ltr'>tamen</span> <span class='ocrx_word' id='word_1_11' title='bbox 579 317 737 355; x_wconf 88' lang='lat' dir='ltr'>consilia</span> <span class='ocrx_word' id='word_1_12' title='bbox 760 330 831 356; x_wconf 92' lang='lat' dir='ltr'>sua</span> <span class='ocrx_word' id='word_1_13' title='bbox 852 331 932 357; x_wconf 91' lang='lat' dir='ltr'>non</span> <span class='ocrx_word' id='word_1_14' title='bbox 955 320 1152 368; x_wconf 84' lang='lat' dir='ltr'>detegeret</span> <span class='ocrx_word' id='word_1_15' title='bbox 1175 330 1341 367; x_wconf 91' lang='lat' dir='ltr'>eumque</span> <span class='ocrx_word' id='word_1_16' title='bbox 1365 322 1412 356; x_wconf 90' lang='lat' dir='ltr'>ut</span> <span class='ocrx_word' id='word_1_17' title='bbox 1436 320 1478 356; x_wconf 91' lang='lat' dir='ltr'>in</span> <span class='ocrx_word' id='word_1_18' title='bbox 1501 321 1741 358; x_wconf 85' lang='lat' dir='ltr'>senatorium</span> 
     </span>
     <span class='ocr_line' id='line_1_4' title="bbox 310 376 1345 441; baseline 0.003 -31"><span class='ocrx_word' id='word_1_19' title='bbox 310 377 545 421; x_wconf 75' lang='lat' dir='ltr'>reciperetur</span> <span class='ocrx_word' id='word_1_20' title='bbox 568 376 743 411; x_wconf 81' lang='lat' dir='ltr'>ordinem</span> <span class='ocrx_word' id='word_1_21' title='bbox 761 379 905 441; x_wconf 33' lang='lat' dir='ltr'>‘optare</span> <span class='ocrx_word' id='word_1_22' title='bbox 928 377 1044 413; x_wconf 85' lang='lat' dir='ltr'>valde</span> <span class='ocrx_word' id='word_1_23' title='bbox 1067 377 1345 425; x_wconf 75' lang='lat' dir='ltr'>indignaretur.</span> 
     </span>
    </p>

    <p class='ocr_par' dir='ltr' id='par_1_3' title="bbox 311 407 1741 707">
     <span class='ocr_line' id='line_1_5' title="bbox 412 407 1738 480; baseline 0.002 -12"><span class='ocrx_word' id='word_1_24' title='bbox 412 432 573 480; x_wconf 82' lang='lat' dir='ltr'>Saepius</span> <span class='ocrx_word' id='word_1_25' title='bbox 604 432 791 480; x_wconf 84' lang='lat' dir='ltr'>proximis</span> <span class='ocrx_word' id='word_1_26' title='bbox 822 434 863 471; x_wconf 92' lang='lat' dir='ltr'>in</span> <span class='ocrx_word' id='word_1_27' title='bbox 894 434 1009 470; x_wconf 90' lang='lat' dir='ltr'>rebus</span> <span class='ocrx_word' id='word_1_28' title='bbox 1039 446 1087 470; x_wconf 92' lang='lat' dir='ltr'>ea</span> <span class='ocrx_word' id='word_1_29' title='bbox 1117 435 1212 471; x_wconf 90' lang='lat' dir='ltr'>mihi</span> <span class='ocrx_word' id='word_1_30' title='bbox 1242 437 1357 471; x_wconf 87' lang='lat' dir='ltr'>erunt</span> <span class='ocrx_word' id='word_1_31' title='bbox 1388 407 1738 477; x_wconf 83' lang='lat' dir='ltr'>commemoranda,</span> 
     </span>
     <span class='ocr_line' id='line_1_6' title="bbox 312 489 1741 537; baseline 0.001 -13"><span class='ocrx_word' id='word_1_32' title='bbox 312 500 412 535; x_wconf 85' lang='lat' dir='ltr'>quae</span> <span class='ocrx_word' id='word_1_33' title='bbox 435 489 607 525; x_wconf 86' lang='lat' dir='ltr'>Ciceroni</span> <span class='ocrx_word' id='word_1_34' title='bbox 629 491 866 532; x_wconf 89' lang='lat' dir='ltr'>acciderunt,</span> <span class='ocrx_word' id='word_1_35' title='bbox 889 501 981 526; x_wconf 92' lang='lat' dir='ltr'>nam</span> <span class='ocrx_word' id='word_1_36' title='bbox 1004 491 1105 526; x_wconf 90' lang='lat' dir='ltr'>sicut</span> <span class='ocrx_word' id='word_1_37' title='bbox 1127 491 1206 527; x_wconf 90' lang='lat' dir='ltr'>iam</span> <span class='ocrx_word' id='word_1_38' title='bbox 1228 494 1357 533; x_wconf 88' lang='lat' dir='ltr'>antea,</span> <span class='ocrx_word' id='word_1_39' title='bbox 1380 491 1437 527; x_wconf 90' lang='lat' dir='ltr'>ita</span> <span class='ocrx_word' id='word_1_40' title='bbox 1457 502 1561 526; x_wconf 90' lang='grc'>1111110</span> <span class='ocrx_word' id='word_1_41' title='bbox 1584 501 1741 537; x_wconf 79' lang='lat' dir='ltr'>quoque</span> 
     </span>
     <span class='ocr_line' id='line_1_7' title="bbox 311 545 1741 595; baseline 0.003 -14"><span class='ocrx_word' id='word_1_42' title='bbox 311 545 480 582; x_wconf 81' lang='lat' dir='ltr'>maxime</span> <span class='ocrx_word' id='word_1_43' title='bbox 507 546 590 582; x_wconf 90' lang='lat' dir='ltr'>eius</span> <span class='ocrx_word' id='word_1_44' title='bbox 616 558 666 583; x_wconf 89' lang='lat' dir='ltr'>ex</span> <span class='ocrx_word' id='word_1_45' title='bbox 692 546 868 595; x_wconf 77' lang='lat' dir='ltr'>epistulis</span> <span class='ocrx_word' id='word_1_46' title='bbox 894 550 1069 594; x_wconf 81' lang='lat' dir='ltr'>apparet,</span> <span class='ocrx_word' id='word_1_47' title='bbox 1098 558 1199 594; x_wconf 84' lang='lat' dir='ltr'>quae</span> <span class='ocrx_word' id='word_1_48' title='bbox 1224 547 1300 584; x_wconf 90' lang='grc'>11118</span> <span class='ocrx_word' id='word_1_49' title='bbox 1324 547 1564 595; x_wconf 69' lang='lat' dir='ltr'>temporibus</span> <span class='ocrx_word' id='word_1_50' title='bbox 1590 547 1741 584; x_wconf 80' lang='lat' dir='ltr'>Romae</span> 
     </span>
     <span class='ocr_line' id='line_1_8' title="bbox 312 604 1740 650; baseline 0.001 -11"><span class='ocrx_word' id='word_1_51' title='bbox 312 604 420 640; x_wconf 80' lang='lat' dir='ltr'>facta</span> <span class='ocrx_word' id='word_1_52' title='bbox 447 605 527 640; x_wconf 91' lang='lat' dir='ltr'>sint</span> <span class='ocrx_word' id='word_1_53' title='bbox 555 616 747 650; x_wconf 87' lang='lat' dir='ltr'>quemque</span> <span class='ocrx_word' id='word_1_54' title='bbox 774 604 826 640; x_wconf 88' lang='lat' dir='ltr'>ad</span> <span class='ocrx_word' id='word_1_55' title='bbox 852 604 1011 640; x_wconf 91' lang='lat' dir='ltr'>modum</span> <span class='ocrx_word' id='word_1_56' title='bbox 1031 604 1179 640; x_wconf 85' lang='lat' dir='ltr'>Balbus</span> <span class='ocrx_word' id='word_1_57' title='bbox 1198 605 1377 641; x_wconf 91' lang='lat' dir='ltr'>omnibus</span> <span class='ocrx_word' id='word_1_58' title='bbox 1396 604 1470 640; x_wconf 91' lang='lat' dir='ltr'>illis</span> <span class='ocrx_word' id='word_1_59' title='bbox 1488 605 1603 641; x_wconf 90' lang='lat' dir='ltr'>rebus</span> <span class='ocrx_word' id='word_1_60' title='bbox 1620 604 1740 641; x_wconf 81' lang='lat' dir='ltr'>fuerit</span> 
     </span>
     <span class='ocr_line' id='line_1_9' title="bbox 314 660 548 707; baseline 0.005 -11"><span class='ocrx_word' id='word_1_61' title='bbox 314 660 548 707; x_wconf 78' lang='lat' dir='ltr'>implicatus.</span> 
     </span>
    </p>

    <p class='ocr_par' dir='ltr' id='par_1_4' title="bbox 309 691 1740 1108">
     <span class='ocr_line' id='line_1_10' title="bbox 410 691 1740 765; baseline 0.002 -11"><span class='ocrx_word' id='word_1_62' title='bbox 410 718 543 754; x_wconf 88' lang='lat' dir='ltr'>Rebus</span> <span class='ocrx_word' id='word_1_63' title='bbox 581 719 621 754; x_wconf 93' lang='lat' dir='ltr'>in</span> <span class='ocrx_word' id='word_1_64' title='bbox 659 717 856 755; x_wconf 82' lang='lat' dir='ltr'>Thessalia</span> <span class='ocrx_word' id='word_1_65' title='bbox 892 719 1059 765; x_wconf 87' lang='lat' dir='ltr'>peractis</span> <span class='ocrx_word' id='word_1_66' title='bbox 1097 730 1200 755; x_wconf 90' lang='lat' dir='ltr'>anno</span> <span class='ocrx_word' id='word_1_67' title='bbox 1239 721 1287 755; x_wconf 82' lang='lat'>48</span> <span class='ocrx_word' id='word_1_68' title='bbox 1325 719 1456 757; x_wconf 89' lang='lat' dir='ltr'>Cicero</span> <span class='ocrx_word' id='word_1_69' title='bbox 1490 691 1740 757; x_wconf 83' lang='lat' dir='ltr'>Brundisium</span> 
     </span>
     <span class='ocr_line' id='line_1_11' title="bbox 310 775 1740 839; baseline 0.003 -29"><span class='ocrx_word' id='word_1_70' title='bbox 310 775 508 839; x_wconf 82' lang='lat' dir='ltr'>profectus</span> <span class='ocrx_word' id='word_1_71' title='bbox 529 776 731 812; x_wconf 87' lang='lat' dir='ltr'>Caesarem</span> <span class='ocrx_word' id='word_1_72' title='bbox 752 779 837 812; x_wconf 85' lang='lat' dir='ltr'>erat</span> <span class='ocrx_word' id='word_1_73' title='bbox 858 779 1166 823; x_wconf 72' lang='lat' dir='ltr'>exspectaturus,</span> <span class='ocrx_word' id='word_1_74' title='bbox 1189 779 1236 812; x_wconf 89' lang='lat' dir='ltr'>ut</span> <span class='ocrx_word' id='word_1_75' title='bbox 1258 787 1298 812; x_wconf 94' lang='grc'>88</span> <span class='ocrx_word' id='word_1_76' title='bbox 1319 777 1355 812; x_wconf 92' lang='grc'>81</span> <span class='ocrx_word' id='word_1_77' title='bbox 1377 780 1572 824; x_wconf 85' lang='lat' dir='ltr'>purgaret,</span> <span class='ocrx_word' id='word_1_78' title='bbox 1596 777 1740 824; x_wconf 81' lang='lat' dir='ltr'>quippe</span> 
     </span>
     <span class='ocr_line' id='line_1_12' title="bbox 311 832 1740 881; baseline 0.002 -14"><span class='ocrx_word' id='word_1_79' title='bbox 311 832 379 879; x_wconf 91' lang='lat' dir='ltr'>qui</span> <span class='ocrx_word' id='word_1_80' title='bbox 410 843 456 868; x_wconf 90' lang='grc'>80</span> <span class='ocrx_word' id='word_1_81' title='bbox 488 833 614 869; x_wconf 87' lang='lat' dir='ltr'>invito</span> <span class='ocrx_word' id='word_1_82' title='bbox 645 836 773 870; x_wconf 84' lang='lat' dir='ltr'>castra</span> <span class='ocrx_word' id='word_1_83' title='bbox 804 833 976 869; x_wconf 88' lang='lat' dir='ltr'>hostium</span> <span class='ocrx_word' id='word_1_84' title='bbox 1007 834 1199 881; x_wconf 84' lang='lat' dir='ltr'>ingressus</span> <span class='ocrx_word' id='word_1_85' title='bbox 1229 834 1464 870; x_wconf 85' lang='lat' dir='ltr'>revertisset.</span> <span class='ocrx_word' id='word_1_86' title='bbox 1527 834 1740 870; x_wconf 88' lang='lat' dir='ltr'>Dictatoris</span> 
     </span>
     <span class='ocr_line' id='line_1_13' title="bbox 309 889 1740 938; baseline 0.002 -14"><span class='ocrx_word' id='word_1_87' title='bbox 309 889 444 925; x_wconf 84' lang='lat' dir='ltr'>Attico</span> <span class='ocrx_word' id='word_1_88' title='bbox 480 889 605 925; x_wconf 92' lang='lat' dir='ltr'>Balbo</span> <span class='ocrx_word' id='word_1_89' title='bbox 642 890 769 937; x_wconf 93' lang='lat' dir='ltr'>Oppio</span> <span class='ocrx_word' id='word_1_90' title='bbox 804 891 1054 926; x_wconf 84' lang='lat' dir='ltr'>internuntiis</span> <span class='ocrx_word' id='word_1_91' title='bbox 1088 894 1135 926; x_wconf 94' lang='lat' dir='ltr'>ut</span> <span class='ocrx_word' id='word_1_92' title='bbox 1170 890 1325 926; x_wconf 89' lang='lat' dir='ltr'>sedaret</span> <span class='ocrx_word' id='word_1_93' title='bbox 1358 891 1545 934; x_wconf 90' lang='lat' dir='ltr'>animum,</span> <span class='ocrx_word' id='word_1_94' title='bbox 1582 902 1740 938; x_wconf 89' lang='lat' dir='ltr'>operam</span> 
     </span>
     <span class='ocr_line' id='line_1_14' title="bbox 309 945 1740 994; baseline 0.001 -12"><span class='ocrx_word' id='word_1_95' title='bbox 309 945 434 982; x_wconf 90' lang='lat' dir='ltr'>dabat</span> <span class='ocrx_word' id='word_1_96' title='bbox 449 958 567 993; x_wconf 87' lang='lat' dir='ltr'>quam</span> <span class='ocrx_word' id='word_1_97' title='bbox 582 947 799 993; x_wconf 87' lang='lat' dir='ltr'>maxime²);</span> <span class='ocrx_word' id='word_1_98' title='bbox 829 959 874 983; x_wconf 92' lang='lat' dir='ltr'>ac</span> <span class='ocrx_word' id='word_1_99' title='bbox 889 947 1004 983; x_wconf 89' lang='lat' dir='ltr'>valde</span> <span class='ocrx_word' id='word_1_100' title='bbox 1018 947 1188 984; x_wconf 89' lang='lat' dir='ltr'>laetatus</span> <span class='ocrx_word' id='word_1_101' title='bbox 1201 951 1274 991; x_wconf 89' lang='lat' dir='ltr'>est,</span> <span class='ocrx_word' id='word_1_102' title='bbox 1290 959 1380 983; x_wconf 88' lang='lat' dir='ltr'>cum</span> <span class='ocrx_word' id='word_1_103' title='bbox 1394 947 1449 983; x_wconf 92' lang='lat' dir='ltr'>illi</span> <span class='ocrx_word' id='word_1_104' title='bbox 1463 947 1740 994; x_wconf 86' lang='lat' dir='ltr'>responderent</span> 
     </span>
     <span class='ocr_line' id='line_1_15' title="bbox 310 1004 1738 1051; baseline 0.001 -13"><span class='ocrx_word' id='word_1_105' title='bbox 310 1004 463 1039; x_wconf 86' lang='lat' dir='ltr'>Caesari</span> <span class='ocrx_word' id='word_1_106' title='bbox 494 1004 660 1046; x_wconf 88' lang='lat' dir='ltr'>lictores,</span> <span class='ocrx_word' id='word_1_107' title='bbox 695 1016 792 1050; x_wconf 90' lang='lat' dir='ltr'>quos</span> <span class='ocrx_word' id='word_1_108' title='bbox 823 1005 943 1040; x_wconf 87' lang='lat' dir='ltr'>etiam</span> <span class='ocrx_word' id='word_1_109' title='bbox 975 1008 1074 1046; x_wconf 90' lang='lat' dir='ltr'>tum,</span> <span class='ocrx_word' id='word_1_110' title='bbox 1108 1005 1253 1051; x_wconf 90' lang='lat' dir='ltr'>quippe</span> <span class='ocrx_word' id='word_1_111' title='bbox 1284 1005 1353 1051; x_wconf 92' lang='lat' dir='ltr'>qui</span> <span class='ocrx_word' id='word_1_112' title='bbox 1382 1008 1484 1040; x_wconf 87' lang='lat' dir='ltr'>esset</span> <span class='ocrx_word' id='word_1_113' title='bbox 1515 1005 1738 1051; x_wconf 88' lang='lat' dir='ltr'>imperator,</span> 
     </span>
     <span class='ocr_line' id='line_1_16' title="bbox 311 1060 1310 1108; baseline 0.002 -12"><span class='ocrx_word' id='word_1_114' title='bbox 311 1072 442 1097; x_wconf 91' lang='lat' dir='ltr'>secum</span> <span class='ocrx_word' id='word_1_115' title='bbox 467 1060 652 1104; x_wconf 88' lang='lat' dir='ltr'>habebat,</span> <span class='ocrx_word' id='word_1_116' title='bbox 677 1073 756 1098; x_wconf 91' lang='lat' dir='ltr'>non</span> <span class='ocrx_word' id='word_1_117' title='bbox 780 1061 934 1098; x_wconf 82' lang='lat' dir='ltr'>futuros</span> <span class='ocrx_word' id='word_1_118' title='bbox 957 1073 1039 1097; x_wconf 89' lang='grc'>8888</span> <span class='ocrx_word' id='word_1_119' title='bbox 1064 1061 1310 1108; x_wconf 78' lang='lat' dir='ltr'>offensioni2).</span> 
     </span>
    </p>

    <p class='ocr_par' dir='ltr' id='par_1_5' title="bbox 309 1117 1739 1496">
     <span class='ocr_line' id='line_1_17' title="bbox 409 1117 1739 1165; baseline 0 -11"><span class='ocrx_word' id='word_1_120' title='bbox 409 1118 500 1154; x_wconf 92' lang='lat' dir='ltr'>Non</span> <span class='ocrx_word' id='word_1_121' title='bbox 529 1118 655 1154; x_wconf 89' lang='lat' dir='ltr'>multo</span> <span class='ocrx_word' id='word_1_122' title='bbox 684 1122 774 1165; x_wconf 88' lang='lat' dir='ltr'>post</span> <span class='ocrx_word' id='word_1_123' title='bbox 804 1118 972 1154; x_wconf 84' lang='lat' dir='ltr'>Balbum</span> <span class='ocrx_word' id='word_1_124' title='bbox 1002 1118 1140 1154; x_wconf 89' lang='lat' dir='ltr'>orabat</span> <span class='ocrx_word' id='word_1_125' title='bbox 1169 1121 1288 1165; x_wconf 88' lang='lat' dir='ltr'>atque</span> <span class='ocrx_word' id='word_1_126' title='bbox 1318 1118 1558 1161; x_wconf 88' lang='lat' dir='ltr'>obsecrabat,</span> <span class='ocrx_word' id='word_1_127' title='bbox 1588 1121 1635 1154; x_wconf 88' lang='lat' dir='ltr'>ut</span> <span class='ocrx_word' id='word_1_128' title='bbox 1665 1117 1739 1154; x_wconf 91' lang='lat' dir='ltr'>sibi</span> 
     </span>
     <span class='ocr_line' id='line_1_18' title="bbox 310 1174 1738 1222; baseline 0 -12"><span class='ocrx_word' id='word_1_129' title='bbox 310 1174 462 1211; x_wconf 87' lang='lat' dir='ltr'>litteras</span> <span class='ocrx_word' id='word_1_130' title='bbox 480 1175 666 1212; x_wconf 87' lang='lat' dir='ltr'>mitteret.</span> <span class='ocrx_word' id='word_1_131' title='bbox 701 1174 801 1218; x_wconf 81' lang='lat' dir='ltr'>Quia</span> <span class='ocrx_word' id='word_1_132' title='bbox 818 1178 951 1211; x_wconf 91' lang='lat' dir='ltr'>autem</span> <span class='ocrx_word' id='word_1_133' title='bbox 968 1174 1076 1211; x_wconf 91' lang='lat' dir='ltr'>illum</span> <span class='ocrx_word' id='word_1_134' title='bbox 1088 1175 1128 1211; x_wconf 89' lang='lat' dir='ltr'>in</span> <span class='ocrx_word' id='word_1_135' title='bbox 1138 1175 1313 1222; x_wconf 90' lang='lat' dir='ltr'>epistulis</span> <span class='ocrx_word' id='word_1_136' title='bbox 1324 1175 1364 1211; x_wconf 93' lang='lat' dir='ltr'>in</span> <span class='ocrx_word' id='word_1_137' title='bbox 1374 1175 1457 1211; x_wconf 89' lang='lat' dir='ltr'>dies</span> <span class='ocrx_word' id='word_1_138' title='bbox 1467 1175 1589 1222; x_wconf 85' lang='lat' dir='ltr'>magis</span> <span class='ocrx_word' id='word_1_139' title='bbox 1600 1175 1738 1222; x_wconf 88' lang='lat' dir='ltr'>magis-</span> 
     </span>
     <span class='ocr_line' id='line_1_19' title="bbox 312 1231 1738 1279; baseline 0.001 -12"><span class='ocrx_word' id='word_1_140' title='bbox 312 1243 387 1278; x_wconf 88' lang='lat' dir='ltr'>que</span> <span class='ocrx_word' id='word_1_141' title='bbox 431 1231 711 1278; x_wconf 84' lang='lat' dir='ltr'>languidiorem</span> <span class='ocrx_word' id='word_1_142' title='bbox 756 1243 801 1267; x_wconf 86' lang='lat' dir='ltr'>ac</span> <span class='ocrx_word' id='word_1_143' title='bbox 846 1231 1081 1279; x_wconf 86' lang='lat' dir='ltr'>frigidiorem</span> <span class='ocrx_word' id='word_1_144' title='bbox 1125 1232 1308 1279; x_wconf 86' lang='lat' dir='ltr'>praebere</span> <span class='ocrx_word' id='word_1_145' title='bbox 1344 1231 1514 1279; x_wconf 85' lang='lat' dir='ltr'>putabat</span> <span class='ocrx_word' id='word_1_146' title='bbox 1551 1231 1738 1275; x_wconf 91' lang='lat' dir='ltr'>animum,</span> 
     </span>
     <span class='ocr_line' id='line_1_20' title="bbox 310 1287 1739 1336; baseline 0.001 -12"><span class='ocrx_word' id='word_1_147' title='bbox 310 1299 554 1336; x_wconf 86' lang='lat' dir='ltr'>magnopere,</span> <span class='ocrx_word' id='word_1_148' title='bbox 575 1300 664 1324; x_wconf 90' lang='lat' dir='ltr'>cum</span> <span class='ocrx_word' id='word_1_149' title='bbox 684 1288 852 1331; x_wconf 91' lang='lat' dir='ltr'>timeret,</span> <span class='ocrx_word' id='word_1_150' title='bbox 871 1300 921 1325; x_wconf 89' lang='lat' dir='ltr'>ne</span> <span class='ocrx_word' id='word_1_151' title='bbox 940 1287 1092 1325; x_wconf 82' lang='lat' dir='ltr'>Caesari</span> <span class='ocrx_word' id='word_1_152' title='bbox 1111 1288 1340 1335; x_wconf 79' lang='lat' dir='ltr'>iniquissimi</span> <span class='ocrx_word' id='word_1_153' title='bbox 1359 1289 1408 1325; x_wconf 91' lang='lat' dir='ltr'>de</span> <span class='ocrx_word' id='word_1_154' title='bbox 1427 1300 1468 1325; x_wconf 89' lang='lat' dir='ltr'>se</span> <span class='ocrx_word' id='word_1_155' title='bbox 1486 1288 1592 1324; x_wconf 90' lang='lat' dir='ltr'>missi</span> <span class='ocrx_word' id='word_1_156' title='bbox 1610 1292 1739 1325; x_wconf 88' lang='lat' dir='ltr'>essent</span> 
     </span>
     <span class='ocr_line' id='line_1_21' title="bbox 309 1342 1738 1392; baseline 0 -11"><span class='ocrx_word' id='word_1_157' title='bbox 309 1345 439 1382; x_wconf 87' lang='lat' dir='ltr'>nuntii</span> <span class='ocrx_word' id='word_1_158' title='bbox 463 1345 527 1381; x_wconf 83' lang='lat' dir='ltr'>vel</span> <span class='ocrx_word' id='word_1_159' title='bbox 551 1345 601 1381; x_wconf 92' lang='lat' dir='ltr'>ab</span> <span class='ocrx_word' id='word_1_160' title='bbox 627 1342 673 1381; x_wconf 87' lang='lat' dir='ltr'>eo</span> <span class='ocrx_word' id='word_1_161' title='bbox 698 1345 750 1381; x_wconf 90' lang='lat' dir='ltr'>ad</span> <span class='ocrx_word' id='word_1_162' title='bbox 775 1345 956 1388; x_wconf 91' lang='lat' dir='ltr'>Balbum,</span> <span class='ocrx_word' id='word_1_163' title='bbox 982 1346 1050 1381; x_wconf 92' lang='lat' dir='ltr'>diu</span> <span class='ocrx_word' id='word_1_164' title='bbox 1074 1345 1181 1381; x_wconf 92' lang='lat' dir='ltr'>nullo</span> <span class='ocrx_word' id='word_1_165' title='bbox 1204 1357 1388 1392; x_wconf 89' lang='lat' dir='ltr'>responso</span> <span class='ocrx_word' id='word_1_166' title='bbox 1412 1346 1529 1381; x_wconf 89' lang='lat' dir='ltr'>misso</span> <span class='ocrx_word' id='word_1_167' title='bbox 1553 1345 1602 1381; x_wconf 90' lang='lat' dir='ltr'>de</span> <span class='ocrx_word' id='word_1_168' title='bbox 1626 1357 1673 1382; x_wconf 90' lang='lat' dir='ltr'>ea</span> <span class='ocrx_word' id='word_1_169' title='bbox 1697 1357 1738 1381; x_wconf 91' lang='lat' dir='ltr'>re</span> 
     </span>
     <span class='ocr_line' id='line_1_22' title="bbox 309 1401 1738 1450; baseline 0 -12"><span class='ocrx_word' id='word_1_170' title='bbox 309 1401 661 1449; x_wconf 59' lang='lat' dir='ltr'>conquerebatur-³),</span> <span class='ocrx_word' id='word_1_171' title='bbox 681 1402 871 1448; x_wconf 89' lang='lat' dir='ltr'>quamvis,</span> <span class='ocrx_word' id='word_1_172' title='bbox 891 1402 931 1438; x_wconf 93' lang='lat' dir='ltr'>id</span> <span class='ocrx_word' id='word_1_173' title='bbox 950 1402 1055 1449; x_wconf 90' lang='lat' dir='ltr'>quod</span> <span class='ocrx_word' id='word_1_174' title='bbox 1071 1405 1208 1449; x_wconf 86' lang='lat' dir='ltr'>postea</span> <span class='ocrx_word' id='word_1_175' title='bbox 1225 1401 1485 1450; x_wconf 84' lang='lat' dir='ltr'>intellegebat,</span> <span class='ocrx_word' id='word_1_176' title='bbox 1503 1413 1563 1438; x_wconf 87' lang='lat' dir='ltr'>res</span> <span class='ocrx_word' id='word_1_177' title='bbox 1580 1402 1738 1439; x_wconf 88' lang='lat' dir='ltr'>minime</span> 
     </span>
     <span class='ocr_line' id='line_1_23' title="bbox 311 1459 672 1496; baseline 0 -1"><span class='ocrx_word' id='word_1_178' title='bbox 311 1460 369 1496; x_wconf 89' lang='lat' dir='ltr'>ita</span> <span class='ocrx_word' id='word_1_179' title='bbox 393 1471 475 1495; x_wconf 87' lang='lat' dir='ltr'>sese</span> <span class='ocrx_word' id='word_1_180' title='bbox 499 1459 672 1496; x_wconf 86' lang='lat' dir='ltr'>haberet.</span> 
     </span>
    </p>

    <p class='ocr_par' dir='ltr' id='par_1_6' title="bbox 311 1516 1739 1679">
     <span class='ocr_line' id='line_1_24' title="bbox 408 1516 1739 1563; baseline 0 -10"><span class='ocrx_word' id='word_1_181' title='bbox 408 1517 525 1553; x_wconf 90' lang='lat' dir='ltr'>Bellis</span> <span class='ocrx_word' id='word_1_182' title='bbox 565 1517 729 1553; x_wconf 91' lang='lat' dir='ltr'>Pontico</span> <span class='ocrx_word' id='word_1_183' title='bbox 769 1516 1108 1563; x_wconf 86' lang='lat' dir='ltr'>Alexandrinoque</span> <span class='ocrx_word' id='word_1_184' title='bbox 1148 1517 1217 1553; x_wconf 89' lang='lat' dir='ltr'>diu</span> <span class='ocrx_word' id='word_1_185' title='bbox 1257 1517 1495 1553; x_wconf 88' lang='lat' dir='ltr'>continuatis</span> <span class='ocrx_word' id='word_1_186' title='bbox 1534 1516 1739 1563; x_wconf 89' lang='lat' dir='ltr'>ductisque</span> 
     </span>
     <span class='ocr_line' id='line_1_25' title="bbox 311 1573 1738 1621; baseline -0.001 -11"><span class='ocrx_word' id='word_1_187' title='bbox 311 1574 471 1610; x_wconf 90' lang='lat' dir='ltr'>tandem</span> <span class='ocrx_word' id='word_1_188' title='bbox 504 1574 620 1610; x_wconf 90' lang='lat' dir='ltr'>nimis</span> <span class='ocrx_word' id='word_1_189' title='bbox 653 1577 820 1610; x_wconf 84' lang='lat' dir='ltr'>vexatus</span> <span class='ocrx_word' id='word_1_190' title='bbox 858 1575 931 1610; x_wconf 91' lang='lat' dir='ltr'>hoc</span> <span class='ocrx_word' id='word_1_191' title='bbox 977 1573 1129 1611; x_wconf 88' lang='lat' dir='ltr'>silentio</span> <span class='ocrx_word' id='word_1_192' title='bbox 1173 1573 1358 1621; x_wconf 88' lang='lat' dir='ltr'>nulloque</span> <span class='ocrx_word' id='word_1_193' title='bbox 1402 1573 1541 1610; x_wconf 87' lang='lat' dir='ltr'>solatio</span> <span class='ocrx_word' id='word_1_194' title='bbox 1585 1573 1738 1610; x_wconf 85' lang='lat' dir='ltr'>levatus</span> 
     </span>
     <span class='ocr_line' id='line_1_26' title="bbox 311 1630 1739 1679; baseline 0 -13"><span class='ocrx_word' id='word_1_195' title='bbox 311 1631 480 1667; x_wconf 88' lang='lat' dir='ltr'>Balbum</span> <span class='ocrx_word' id='word_1_196' title='bbox 495 1630 672 1678; x_wconf 87' lang='lat' dir='ltr'>precibus</span> <span class='ocrx_word' id='word_1_197' title='bbox 688 1631 823 1667; x_wconf 84' lang='lat' dir='ltr'>adibat</span> <span class='ocrx_word' id='word_1_198' title='bbox 838 1634 879 1667; x_wconf 90' lang='lat' dir='ltr'>et</span> <span class='ocrx_word' id='word_1_199' title='bbox 896 1631 1066 1679; x_wconf 90' lang='lat' dir='ltr'>Oppium</span> <span class='ocrx_word' id='word_1_200' title='bbox 1081 1634 1122 1667; x_wconf 89' lang='lat' dir='ltr'>et</span> <span class='ocrx_word' id='word_1_201' title='bbox 1137 1631 1365 1674; x_wconf 90' lang='lat' dir='ltr'>Antonium,</span> <span class='ocrx_word' id='word_1_202' title='bbox 1383 1630 1450 1678; x_wconf 89' lang='lat' dir='ltr'>qui</span> <span class='ocrx_word' id='word_1_203' title='bbox 1465 1634 1551 1668; x_wconf 87' lang='lat' dir='ltr'>tum</span> <span class='ocrx_word' id='word_1_204' title='bbox 1567 1630 1739 1668; x_wconf 86' lang='lat' dir='ltr'>Caesaris</span> 
     </span>
    </p>
   </div>
   <div class='ocr_carea' id='block_1_3' title="bbox 309 1734 1739 2537">
    <p class='ocr_par' dir='ltr' id='par_1_7' title="bbox 421 1734 1311 1774">
     <span class='ocr_line' id='line_1_27' title="bbox 421 1734 1311 1774; baseline 0.002 -10"><span class='ocrx_word' id='word_1_205' title='bbox 421 1734 472 1765; x_wconf 76' lang='lat' dir='ltr'>Cf.</span> <span class='ocrx_word' id='word_1_206' title='bbox 497 1734 570 1764; x_wconf 88' lang='lat' dir='ltr'>Liv.</span> <span class='ocrx_word' id='word_1_207' title='bbox 593 1744 664 1774; x_wconf 90' lang='lat' dir='ltr'>per.</span> <span class='ocrx_word' id='word_1_208' title='bbox 691 1736 767 1765; x_wconf 91' lang='grc'>110.</span> <span class='ocrx_word' id='word_1_209' title='bbox 806 1735 985 1766; x_wconf 83' lang='lat' dir='ltr'>Gaditanis</span> <span class='ocrx_word' id='word_1_210' title='bbox 1007 1735 1184 1765; x_wconf 82' lang='lat' dir='ltr'>civitatem</span> <span class='ocrx_word' id='word_1_211' title='bbox 1204 1735 1311 1767; x_wconf 83' lang='lat' dir='ltr'>dedit.</span> 
     </span>
    </p>

    <p class='ocr_par' dir='ltr' id='par_1_8' title="bbox 312 1780 1739 1873">
     <span class='ocr_line' id='line_1_28' title="bbox 420 1780 1739 1824; baseline 0.002 -12"><span class='ocrx_word' id='word_1_212' title='bbox 420 1781 487 1812; x_wconf 91' lang='lat' dir='ltr'>Dio</span> <span class='ocrx_word' id='word_1_213' title='bbox 505 1782 596 1813; x_wconf 87' lang='lat' dir='ltr'>Cass.</span> <span class='ocrx_word' id='word_1_214' title='bbox 613 1782 709 1818; x_wconf 87' lang='lat' dir='ltr'>XLI,</span> <span class='ocrx_word' id='word_1_215' title='bbox 729 1783 781 1818; x_wconf 87' lang='grc'>24,</span> <span class='ocrx_word' id='word_1_216' title='bbox 802 1783 835 1813; x_wconf 88' lang='lat'>1:</span> <span class='ocrx_word' id='word_1_217' title='bbox 916 1781 1056 1824; x_wconf 60' lang='grc' dir='ltr'>,ἰήιησέ</span> <span class='ocrx_word' id='word_1_218' title='bbox 1072 1791 1105 1813; x_wconf 72' lang='grc' dir='ltr'>τι</span> <span class='ocrx_word' id='word_1_219' title='bbox 1122 1780 1169 1814; x_wconf 70' lang='lat' dir='ltr'>td</span> <span class='ocrx_word' id='word_1_220' title='bbox 1188 1781 1243 1824; x_wconf 71' lang='grc' dir='ltr'>ἰδίᾳ</span> <span class='ocrx_word' id='word_1_221' title='bbox 1260 1781 1307 1814; x_wconf 79' lang='grc' dir='ltr'>καὶ</span> <span class='ocrx_word' id='word_1_222' title='bbox 1324 1783 1406 1824; x_wconf 72' lang='grc' dir='ltr'>κοινῆ</span> <span class='ocrx_word' id='word_1_223' title='bbox 1424 1781 1549 1818; x_wconf 75' lang='grc' dir='ltr'><strong>πολλοὺς</strong></span> <span class='ocrx_word' id='word_1_224' title='bbox 1566 1781 1613 1815; x_wconf 78' lang='grc' dir='ltr'>καὶ</span> <span class='ocrx_word' id='word_1_225' title='bbox 1630 1785 1690 1819; x_wconf 70' lang='grc' dir='ltr'><strong>τοῖς</strong></span> <span class='ocrx_word' id='word_1_226' title='bbox 1708 1793 1739 1824; x_wconf 72' lang='grc' dir='ltr'>γε</span> 
     </span>
     <span class='ocr_line' id='line_1_29' title="bbox 312 1829 1569 1873; baseline -0.001 -11"><span class='ocrx_word' id='word_1_227' title='bbox 312 1830 476 1873; x_wconf 71' lang='grc' dir='ltr'>Γαδαιριῑσι</span> <span class='ocrx_word' id='word_1_228' title='bbox 495 1829 635 1862; x_wconf 60' lang='grc' dir='ltr'><strong>κολπίαν</strong></span> <span class='ocrx_word' id='word_1_229' title='bbox 655 1831 756 1862; x_wconf 82' lang='grc' dir='ltr'>ἅπασιν</span> <span class='ocrx_word' id='word_1_230' title='bbox 775 1830 887 1867; x_wconf 70' lang='grc' dir='ltr'>ἔδωκεν,</span> <span class='ocrx_word' id='word_1_231' title='bbox 905 1831 941 1872; x_wconf 84' lang='grc' dir='ltr'>ἢν</span> <span class='ocrx_word' id='word_1_232' title='bbox 959 1829 1006 1862; x_wconf 77' lang='grc' dir='ltr'>καὶ</span> <span class='ocrx_word' id='word_1_233' title='bbox 1024 1829 1039 1861; x_wconf 82' lang='grc' dir='ltr'>ὁ</span> <span class='ocrx_word' id='word_1_234' title='bbox 1060 1830 1150 1871; x_wconf 67' lang='grc' dir='ltr'><strong>δῆμος</strong></span> <span class='ocrx_word' id='word_1_235' title='bbox 1168 1829 1248 1871; x_wconf 78' lang='grc' dir='ltr'>σφίσι</span> <span class='ocrx_word' id='word_1_236' title='bbox 1267 1829 1382 1871; x_wconf 71' lang='grc' dir='ltr'><strong>ὕπερον</strong></span> <span class='ocrx_word' id='word_1_237' title='bbox 1401 1829 1569 1871; x_wconf 57' lang='lat' dir='ltr'>suntme.</span> 
     </span>
    </p>

    <p class='ocr_par' dir='ltr' id='par_1_9' title="bbox 309 1876 1738 2155">
     <span class='ocr_line' id='line_1_30' title="bbox 419 1876 1736 1916; baseline -0.001 -8"><span class='ocrx_word' id='word_1_238' title='bbox 419 1879 620 1913; x_wconf 89' lang='lat' dir='ltr'>Mommsen,</span> <span class='ocrx_word' id='word_1_239' title='bbox 647 1879 690 1908; x_wconf 85' lang='lat' dir='ltr'>R.</span> <span class='ocrx_word' id='word_1_240' title='bbox 713 1878 753 1908; x_wconf 88' lang='lat' dir='ltr'>G.</span> <span class='ocrx_word' id='word_1_241' title='bbox 773 1878 840 1913; x_wconf 89' lang='grc' dir='ltr'>ΙΠ,</span> <span class='ocrx_word' id='word_1_242' title='bbox 868 1879 946 1909; x_wconf 82' lang='lat'>539:</span> <span class='ocrx_word' id='word_1_243' title='bbox 979 1878 1162 1916; x_wconf 75' lang='lat' dir='ltr'>„Dagegen</span> <span class='ocrx_word' id='word_1_244' title='bbox 1192 1877 1312 1907; x_wconf 90' lang='lat' dir='ltr'>erhielt</span> <span class='ocrx_word' id='word_1_245' title='bbox 1340 1877 1396 1908; x_wconf 87' lang='lat' dir='ltr'>die</span> <span class='ocrx_word' id='word_1_246' title='bbox 1425 1877 1495 1908; x_wconf 86' lang='lat' dir='ltr'>alte</span> <span class='ocrx_word' id='word_1_247' title='bbox 1525 1876 1597 1908; x_wconf 88' lang='lat' dir='ltr'>und</span> <span class='ocrx_word' id='word_1_248' title='bbox 1625 1877 1736 1908; x_wconf 82' lang='lat' dir='ltr'>reiche</span> 
     </span>
     <span class='ocr_line' id='line_1_31' title="bbox 311 1924 1737 1965; baseline -0.001 -8"><span class='ocrx_word' id='word_1_249' title='bbox 311 1926 504 1957; x_wconf 74' lang='lat' dir='ltr'>Kausstadt</span> <span class='ocrx_word' id='word_1_250' title='bbox 532 1926 656 1961; x_wconf 75' lang='lat' dir='ltr'>Gades,</span> <span class='ocrx_word' id='word_1_251' title='bbox 683 1926 786 1957; x_wconf 87' lang='lat' dir='ltr'>deren</span> <span class='ocrx_word' id='word_1_252' title='bbox 812 1925 1108 1965; x_wconf 81' lang='lat' dir='ltr'>Munizipalwesen</span> <span class='ocrx_word' id='word_1_253' title='bbox 1135 1924 1257 1955; x_wconf 82' lang='lat' dir='ltr'>Caesar</span> <span class='ocrx_word' id='word_1_254' title='bbox 1282 1925 1390 1956; x_wconf 87' lang='grc'>8011011</span> <span class='ocrx_word' id='word_1_255' title='bbox 1413 1925 1464 1955; x_wconf 84' lang='lat' dir='ltr'>als</span> <span class='ocrx_word' id='word_1_256' title='bbox 1490 1925 1630 1956; x_wconf 83' lang='lat' dir='ltr'>Praetor</span> <span class='ocrx_word' id='word_1_257' title='bbox 1656 1925 1737 1956; x_wconf 81' lang='lat' dir='ltr'>zeit-</span> 
     </span>
     <span class='ocr_line' id='line_1_32' title="bbox 310 1972 1737 2013; baseline -0.001 -9"><span class='ocrx_word' id='word_1_258' title='bbox 310 1975 432 2013; x_wconf 57' lang='lat' dir='ltr'>gemess</span> <span class='ocrx_word' id='word_1_259' title='bbox 455 1974 677 2013; x_wconf 80' lang='lat' dir='ltr'>umgestaltet</span> <span class='ocrx_word' id='word_1_260' title='bbox 699 1974 809 2008; x_wconf 83' lang='lat' dir='ltr'>hatte,</span> <span class='ocrx_word' id='word_1_261' title='bbox 833 1974 921 2012; x_wconf 85' lang='lat' dir='ltr'>jetzt</span> <span class='ocrx_word' id='word_1_262' title='bbox 944 1983 1014 2003; x_wconf 90' lang='lat' dir='ltr'>von</span> <span class='ocrx_word' id='word_1_263' title='bbox 1036 1973 1116 2004; x_wconf 86' lang='lat' dir='ltr'>dem</span> <span class='ocrx_word' id='word_1_264' title='bbox 1138 1972 1324 2011; x_wconf 87' lang='lat' dir='ltr'>imperator</span> <span class='ocrx_word' id='word_1_265' title='bbox 1345 1972 1409 2003; x_wconf 82' lang='lat' dir='ltr'>das</span> <span class='ocrx_word' id='word_1_266' title='bbox 1431 1972 1520 2002; x_wconf 89' lang='lat' dir='ltr'>volle</span> <span class='ocrx_word' id='word_1_267' title='bbox 1543 1972 1655 2003; x_wconf 80' lang='lat' dir='ltr'>Recht</span> <span class='ocrx_word' id='word_1_268' title='bbox 1677 1972 1737 2004; x_wconf 86' lang='lat' dir='ltr'>der</span> 
     </span>
     <span class='ocr_line' id='line_1_33' title="bbox 310 2019 1738 2060; baseline 0 -9"><span class='ocrx_word' id='word_1_269' title='bbox 310 2021 544 2052; x_wconf 86' lang='lat' dir='ltr'>italienischen</span> <span class='ocrx_word' id='word_1_270' title='bbox 571 2020 778 2060; x_wconf 89' lang='lat' dir='ltr'>Municipien</span> <span class='ocrx_word' id='word_1_271' title='bbox 808 2020 955 2060; x_wconf 78' lang='grc'>(705149)</span> <span class='ocrx_word' id='word_1_272' title='bbox 983 2020 1056 2050; x_wconf 86' lang='grc'>1111(1</span> <span class='ocrx_word' id='word_1_273' title='bbox 1084 2019 1209 2055; x_wconf 85' lang='lat' dir='ltr'>wurde,</span> <span class='ocrx_word' id='word_1_274' title='bbox 1238 2029 1308 2050; x_wconf 83' lang='lat' dir='ltr'>was</span> <span class='ocrx_word' id='word_1_275' title='bbox 1335 2019 1372 2050; x_wconf 91' lang='lat' dir='ltr'>in</span> <span class='ocrx_word' id='word_1_276' title='bbox 1400 2019 1524 2051; x_wconf 73' lang='lat' dir='ltr'>Italion</span> <span class='ocrx_word' id='word_1_277' title='bbox 1552 2019 1738 2051; x_wconf 76' lang='lat' dir='ltr'>Tusculum</span> 
     </span>
     <span class='ocr_line' id='line_1_34' title="bbox 310 2068 1736 2108; baseline -0.001 -8"><span class='ocrx_word' id='word_1_278' title='bbox 310 2078 462 2108; x_wconf 85' lang='lat' dir='ltr'>gewesen</span> <span class='ocrx_word' id='word_1_279' title='bbox 484 2079 565 2104; x_wconf 79' lang='lat' dir='ltr'>war,</span> <span class='ocrx_word' id='word_1_280' title='bbox 589 2069 645 2101; x_wconf 88' lang='lat' dir='ltr'>die</span> <span class='ocrx_word' id='word_1_281' title='bbox 667 2072 756 2100; x_wconf 87' lang='lat' dir='ltr'>erste</span> <span class='ocrx_word' id='word_1_282' title='bbox 779 2068 1094 2100; x_wconf 81' lang='lat' dir='ltr'>ausseritalienische</span> <span class='ocrx_word' id='word_1_283' title='bbox 1116 2068 1213 2099; x_wconf 86' lang='lat' dir='ltr'>nicht</span> <span class='ocrx_word' id='word_1_284' title='bbox 1235 2077 1305 2098; x_wconf 90' lang='lat' dir='ltr'>von</span> <span class='ocrx_word' id='word_1_285' title='bbox 1327 2068 1419 2098; x_wconf 85' lang='lat' dir='ltr'>Rom</span> <span class='ocrx_word' id='word_1_286' title='bbox 1441 2068 1647 2107; x_wconf 77' lang='lat' dir='ltr'>gegriindete</span> <span class='ocrx_word' id='word_1_287' title='bbox 1673 2068 1736 2098; x_wconf 83' lang='lat' dir='ltr'>Ge-</span> 
     </span>
     <span class='ocr_line' id='line_1_35' title="bbox 309 2115 1395 2155; baseline -0.001 -8"><span class='ocrx_word' id='word_1_288' title='bbox 309 2117 456 2152; x_wconf 88' lang='lat' dir='ltr'>meinde,</span> <span class='ocrx_word' id='word_1_289' title='bbox 481 2117 537 2147; x_wconf 92' lang='lat' dir='ltr'>die</span> <span class='ocrx_word' id='word_1_290' title='bbox 562 2117 598 2147; x_wconf 90' lang='lat' dir='ltr'>in</span> <span class='ocrx_word' id='word_1_291' title='bbox 623 2117 692 2147; x_wconf 89' lang='lat' dir='ltr'>den</span> <span class='ocrx_word' id='word_1_292' title='bbox 715 2116 906 2147; x_wconf 67' lang='lat' dir='ltr'>remisehen</span> <span class='ocrx_word' id='word_1_293' title='bbox 925 2116 1210 2155; x_wconf 83' lang='lat' dir='ltr'>Biirgerverband</span> <span class='ocrx_word' id='word_1_294' title='bbox 1234 2115 1395 2146; x_wconf 88' lang='lat' dir='ltr'>eintrat.“</span> 
     </span>
    </p>

    <p class='ocr_par' dir='ltr' id='par_1_10' title="bbox 311 2161 1736 2347">
     <span class='ocr_line' id='line_1_36' title="bbox 423 2161 1733 2202; baseline -0.002 -7"><span class='ocrx_word' id='word_1_295' title='bbox 423 2165 447 2201; x_wconf 85' lang='lat'>¹)</span> <span class='ocrx_word' id='word_1_296' title='bbox 465 2164 511 2195; x_wconf 86' lang='lat' dir='ltr'>ad</span> <span class='ocrx_word' id='word_1_297' title='bbox 530 2164 605 2194; x_wconf 84' lang='lat' dir='ltr'>Att.</span> <span class='ocrx_word' id='word_1_298' title='bbox 625 2163 691 2198; x_wconf 87' lang='lat' dir='ltr'>XI,</span> <span class='ocrx_word' id='word_1_299' title='bbox 713 2165 743 2198; x_wconf 83' lang='lat'>6,</span> <span class='ocrx_word' id='word_1_300' title='bbox 764 2164 783 2194; x_wconf 89' lang='grc'><strong><em>3</em></strong></span> <span class='ocrx_word' id='word_1_301' title='bbox 803 2163 850 2202; x_wconf 86' lang='lat' dir='ltr'>(d.</span> <span class='ocrx_word' id='word_1_302' title='bbox 872 2164 923 2194; x_wconf 84' lang='lat'>27.</span> <span class='ocrx_word' id='word_1_303' title='bbox 943 2173 1023 2194; x_wconf 91' lang='lat' dir='ltr'>nov.</span> <span class='ocrx_word' id='word_1_304' title='bbox 1044 2164 1113 2201; x_wconf 83' lang='lat'>48):</span> <span class='ocrx_word' id='word_1_305' title='bbox 1152 2185 1159 2193; x_wconf 94' lang='lat'>.</span> <span class='ocrx_word' id='word_1_306' title='bbox 1174 2185 1181 2193; x_wconf 93' lang='lat'><strong>.</strong></span> <span class='ocrx_word' id='word_1_307' title='bbox 1195 2185 1203 2193; x_wconf 90' lang='lat'><strong>.</strong></span> <span class='ocrx_word' id='word_1_308' title='bbox 1216 2185 1224 2193; x_wconf 89' lang='lat'><strong><em>.</em></strong></span> <span class='ocrx_word' id='word_1_309' title='bbox 1242 2162 1339 2198; x_wconf 89' lang='lat' dir='ltr'>Vide,</span> <span class='ocrx_word' id='word_1_310' title='bbox 1360 2171 1496 2202; x_wconf 83' lang='lat' dir='ltr'>quaeso,</span> <span class='ocrx_word' id='word_1_311' title='bbox 1514 2161 1618 2202; x_wconf 86' lang='lat' dir='ltr'>igitur</span> <span class='ocrx_word' id='word_1_312' title='bbox 1636 2171 1677 2193; x_wconf 82' lang='lat' dir='ltr'>ea</span> <span class='ocrx_word' id='word_1_313' title='bbox 1700 2179 1733 2184; x_wconf 90' lang='lat'>—</span> 
     </span>
     <span class='ocr_line' id='line_1_37' title="bbox 312 2210 1733 2249; baseline -0.001 -7"><span class='ocrx_word' id='word_1_314' title='bbox 312 2212 355 2243; x_wconf 90' lang='lat' dir='ltr'>de</span> <span class='ocrx_word' id='word_1_315' title='bbox 378 2221 441 2242; x_wconf 86' lang='lat' dir='ltr'>sua</span> <span class='ocrx_word' id='word_1_316' title='bbox 463 2211 635 2242; x_wconf 81' lang='lat' dir='ltr'>sententia</span> <span class='ocrx_word' id='word_1_317' title='bbox 658 2211 792 2247; x_wconf 82' lang='lat' dir='ltr'>fecisse;</span> <span class='ocrx_word' id='word_1_318' title='bbox 830 2213 859 2246; x_wconf 86' lang='lat'>7,</span> <span class='ocrx_word' id='word_1_319' title='bbox 886 2213 906 2242; x_wconf 87' lang='lat'><strong>5</strong></span> <span class='ocrx_word' id='word_1_320' title='bbox 931 2211 977 2249; x_wconf 90' lang='lat' dir='ltr'>(d.</span> <span class='ocrx_word' id='word_1_321' title='bbox 1005 2212 1054 2241; x_wconf 82' lang='lat'>17.</span> <span class='ocrx_word' id='word_1_322' title='bbox 1079 2211 1151 2243; x_wconf 87' lang='lat' dir='ltr'>dec.</span> <span class='ocrx_word' id='word_1_323' title='bbox 1177 2211 1246 2249; x_wconf 81' lang='lat'>48):</span> <span class='ocrx_word' id='word_1_324' title='bbox 1282 2210 1410 2241; x_wconf 88' lang='lat' dir='ltr'>Multos</span> <span class='ocrx_word' id='word_1_325' title='bbox 1432 2219 1504 2241; x_wconf 86' lang='lat' dir='ltr'>esse</span> <span class='ocrx_word' id='word_1_326' title='bbox 1525 2210 1672 2241; x_wconf 86' lang='lat' dir='ltr'>arbitror</span> <span class='ocrx_word' id='word_1_327' title='bbox 1699 2226 1733 2233; x_wconf 94' lang='grc'>--</span> 
     </span>
     <span class='ocr_line' id='line_1_38' title="bbox 311 2257 1736 2299; baseline -0.001 -9"><span class='ocrx_word' id='word_1_328' title='bbox 311 2258 524 2298; x_wconf 84' lang='lat' dir='ltr'>diligentiam</span> <span class='ocrx_word' id='word_1_329' title='bbox 541 2258 736 2294; x_wconf 77' lang='lat' dir='ltr'>adhibebis3</span> <span class='ocrx_word' id='word_1_330' title='bbox 769 2260 800 2293; x_wconf 86' lang='lat'>8,</span> <span class='ocrx_word' id='word_1_331' title='bbox 823 2260 838 2289; x_wconf 92' lang='grc'>1</span> <span class='ocrx_word' id='word_1_332' title='bbox 861 2259 907 2296; x_wconf 90' lang='lat' dir='ltr'>(d.</span> <span class='ocrx_word' id='word_1_333' title='bbox 930 2260 981 2289; x_wconf 87' lang='grc'>25.</span> <span class='ocrx_word' id='word_1_334' title='bbox 1001 2259 1073 2290; x_wconf 90' lang='lat' dir='ltr'>dec.</span> <span class='ocrx_word' id='word_1_335' title='bbox 1095 2260 1164 2297; x_wconf 80' lang='lat'>48):</span> <span class='ocrx_word' id='word_1_336' title='bbox 1195 2268 1257 2299; x_wconf 81' lang='lat' dir='ltr'>per</span> <span class='ocrx_word' id='word_1_337' title='bbox 1274 2268 1342 2294; x_wconf 87' lang='lat' dir='ltr'>eos,</span> <span class='ocrx_word' id='word_1_338' title='bbox 1363 2257 1422 2298; x_wconf 91' lang='lat' dir='ltr'>qui</span> <span class='ocrx_word' id='word_1_339' title='bbox 1445 2275 1478 2280; x_wconf 95' lang='lat'><em>-</em></span> <span class='ocrx_word' id='word_1_340' title='bbox 1501 2257 1736 2298; x_wconf 69' lang='lat' dir='ltr'>praeoentibus</span> 
     </span>
     <span class='ocr_line' id='line_1_39' title="bbox 314 2306 530 2347; baseline -0.005 -10"><span class='ocrx_word' id='word_1_341' title='bbox 314 2306 530 2347; x_wconf 84' lang='lat' dir='ltr'>quibusdam.</span> 
     </span>
    </p>

    <p class='ocr_par' dir='ltr' id='par_1_11' title="bbox 421 2353 1537 2393">
     <span class='ocr_line' id='line_1_40' title="bbox 421 2353 1537 2393; baseline -0.002 -8"><span class='ocrx_word' id='word_1_342' title='bbox 421 2354 447 2392; x_wconf 64' lang='grc'>2)</span> <span class='ocrx_word' id='word_1_343' title='bbox 468 2355 515 2386; x_wconf 82' lang='lat' dir='ltr'>ad.</span> <span class='ocrx_word' id='word_1_344' title='bbox 537 2355 611 2384; x_wconf 86' lang='lat' dir='ltr'>Att.</span> <span class='ocrx_word' id='word_1_345' title='bbox 635 2354 700 2388; x_wconf 93' lang='lat' dir='ltr'>XI,</span> <span class='ocrx_word' id='word_1_346' title='bbox 725 2355 754 2389; x_wconf 84' lang='lat'>6,</span> <span class='ocrx_word' id='word_1_347' title='bbox 779 2355 798 2384; x_wconf 86' lang='lat'>2</span> <span class='ocrx_word' id='word_1_348' title='bbox 821 2355 868 2391; x_wconf 89' lang='lat' dir='ltr'>(v.</span> <span class='ocrx_word' id='word_1_349' title='bbox 891 2355 946 2391; x_wconf 89' lang='lat' dir='ltr'>s.):</span> <span class='ocrx_word' id='word_1_350' title='bbox 982 2353 1124 2393; x_wconf 87' lang='lat' dir='ltr'>Propius</span> <span class='ocrx_word' id='word_1_351' title='bbox 1145 2354 1303 2385; x_wconf 81' lang='lat' dir='ltr'>accedere</span> <span class='ocrx_word' id='word_1_352' title='bbox 1329 2371 1362 2376; x_wconf 98' lang='lat'><strong>—</strong></span> <span class='ocrx_word' id='word_1_353' title='bbox 1387 2363 1537 2393; x_wconf 88' lang='lat' dir='ltr'>possum.</span> 
     </span>
    </p>

    <p class='ocr_par' dir='ltr' id='par_1_12' title="bbox 310 2400 1737 2537">
     <span class='ocr_line' id='line_1_41' title="bbox 420 2400 1737 2440; baseline -0.002 -8"><span class='ocrx_word' id='word_1_354' title='bbox 420 2402 446 2439; x_wconf 81' lang='lat'>⁸)</span> <span class='ocrx_word' id='word_1_355' title='bbox 459 2402 505 2433; x_wconf 88' lang='lat' dir='ltr'>ad</span> <span class='ocrx_word' id='word_1_356' title='bbox 518 2402 592 2432; x_wconf 87' lang='lat' dir='ltr'>Att.</span> <span class='ocrx_word' id='word_1_357' title='bbox 607 2401 672 2436; x_wconf 91' lang='lat' dir='ltr'>XI,</span> <span class='ocrx_word' id='word_1_358' title='bbox 689 2402 719 2436; x_wconf 87' lang='grc'>9,</span> <span class='ocrx_word' id='word_1_359' title='bbox 739 2402 753 2431; x_wconf 94' lang='lat'>1</span> <span class='ocrx_word' id='word_1_360' title='bbox 770 2401 816 2438; x_wconf 85' lang='lat' dir='ltr'>(d.</span> <span class='ocrx_word' id='word_1_361' title='bbox 833 2402 862 2431; x_wconf 85' lang='lat'>3.</span> <span class='ocrx_word' id='word_1_362' title='bbox 876 2401 947 2439; x_wconf 80' lang='lat' dir='ltr'>jan.</span> <span class='ocrx_word' id='word_1_363' title='bbox 962 2402 1030 2438; x_wconf 83' lang='lat'>47):</span> <span class='ocrx_word' id='word_1_364' title='bbox 1045 2401 1198 2440; x_wconf 86' lang='lat' dir='ltr'>quotidie</span> <span class='ocrx_word' id='word_1_365' title='bbox 1210 2400 1280 2431; x_wconf 81' lang='lat' dir='ltr'>iam</span> <span class='ocrx_word' id='word_1_366' title='bbox 1292 2400 1393 2431; x_wconf 91' lang='lat' dir='ltr'>Balbi</span> <span class='ocrx_word' id='word_1_367' title='bbox 1410 2418 1443 2423; x_wconf 87' lang='grc'>-</span> <span class='ocrx_word' id='word_1_368' title='bbox 1461 2400 1606 2431; x_wconf 75' lang='lat' dir='ltr'>fortasse</span> <span class='ocrx_word' id='word_1_369' title='bbox 1618 2402 1737 2431; x_wconf 83' lang='lat' dir='ltr'>contra</span> 
     </span>
     <span class='ocr_line' id='line_1_42' title="bbox 311 2447 1737 2489; baseline -0.002 -8"><span class='ocrx_word' id='word_1_370' title='bbox 311 2459 383 2487; x_wconf 80' lang='lat' dir='ltr'>me3</span> <span class='ocrx_word' id='word_1_371' title='bbox 423 2451 472 2486; x_wconf 85' lang='lat'>14,</span> <span class='ocrx_word' id='word_1_372' title='bbox 498 2450 518 2481; x_wconf 85' lang='lat'><strong>2</strong></span> <span class='ocrx_word' id='word_1_373' title='bbox 543 2450 628 2489; x_wconf 87' lang='lat' dir='ltr'>(apr.</span> <span class='ocrx_word' id='word_1_374' title='bbox 653 2448 724 2480; x_wconf 89' lang='lat' dir='ltr'>sive</span> <span class='ocrx_word' id='word_1_375' title='bbox 746 2448 826 2479; x_wconf 86' lang='lat' dir='ltr'>mai.</span> <span class='ocrx_word' id='word_1_376' title='bbox 852 2449 920 2486; x_wconf 81' lang='lat'>47)=</span> <span class='ocrx_word' id='word_1_377' title='bbox 957 2449 1010 2479; x_wconf 88' lang='lat' dir='ltr'>De</span> <span class='ocrx_word' id='word_1_378' title='bbox 1031 2458 1087 2479; x_wconf 86' lang='lat' dir='ltr'>me</span> <span class='ocrx_word' id='word_1_379' title='bbox 1108 2450 1227 2479; x_wconf 85' lang='lat' dir='ltr'>autem</span> <span class='ocrx_word' id='word_1_380' title='bbox 1247 2458 1318 2479; x_wconf 87' lang='lat' dir='ltr'>non</span> <span class='ocrx_word' id='word_1_381' title='bbox 1339 2447 1461 2479; x_wconf 86' lang='lat' dir='ltr'>dubito</span> <span class='ocrx_word' id='word_1_382' title='bbox 1488 2465 1522 2471; x_wconf 91' lang='lat'>—</span> <span class='ocrx_word' id='word_1_383' title='bbox 1548 2447 1678 2479; x_wconf 87' lang='lat' dir='ltr'>consuli</span> <span class='ocrx_word' id='word_1_384' title='bbox 1699 2451 1737 2479; x_wconf 82' lang='lat' dir='ltr'>et</span> 
     </span>
     <span class='ocr_line' id='line_1_43' title="bbox 310 2497 615 2537; baseline -0.003 -9"><span class='ocrx_word' id='word_1_385' title='bbox 310 2498 456 2537; x_wconf 84' lang='lat' dir='ltr'>prospici</span> <span class='ocrx_word' id='word_1_386' title='bbox 477 2497 615 2537; x_wconf 87' lang='lat' dir='ltr'>poterit.</span> 
     </span>
    </p>
   </div>
  </div>
 </body>
</html>
